=LDR  01973naa a22004814a 4500
=001  001556520
=003  CZ\PrUCL
=005  20200518211433.0
=008  170104s1995\\\\xr\\\\\\\\\\\\|||\||eng\d
=035  \\$a(ISIS-B80-ID)B9045262
=035  \\$a(ISIS-B80-MFN)92521
=040  \\$aABB060$bcze
=072  \7$a821.162.3.09$xČeská literatura (o ní)$2Konspekt$911
=100  1\$aMcLeod, Wallace$4aut
=245  10$aPreface /$cWallace McLeod.
=380  \\$iMajor genre$aLiterature$leng
=381  \\$iMajor genre$aOther$leng
=520  2\$aPředmluva (2 s., v angličtině); s autorskou předmluvou (s. i-ii).
=524  \\$aMCLEOD, Wallace: Preface. In: Křesadlo, Jan: Astronautilia é hé Mikroodysseía hé kosmiké = Hvězdoplavba aneb Malá kosmická odysea. Praha : Ivo Železný, 1995, nestr.
=600  17$aKřesadlo, Jan$d(1926-1995)$7jn19981001717$2czenas$1http://viaf.org/viaf/305127268
=648  \7$a1991-2000$7ch460587$2czenas
=650  07$aanglicky psaná literatura$7ph117173$2czenas
=650  07$ačeská poezie$7ph150471$2czenas
=650  07$ařecká poezie$7ph128259$2czenas
=650  \7$aEnglish literature$2ELB-n
=650  \7$aCzech literature$2ELB-n
=650  \7$aPoetry$2ELB-g
=650  \7$aGreek literature$2ELB-n
=655  \7$apředmluvy$7fd202214$2czenas
=773  0\$tAstronautilia é hé Mikroodysseía hé kosmiké = Hvězdoplavba aneb Malá kosmická odysea$gNestr.$91995
=787  08$aKřesadlo, Jan$tAstronautilia é hé Mikroodysseía hé kosmiké = Hvězdoplavba aneb Malá kosmická odysea : překlad z řeckého originálu neznámého autora$b1. vydání$dPraha : Ivo Železný, 1995$k(Spisy Jana Křesadla)$hXVI, 248 s.$z80-237-2452-5$4román
=910  \\$aABB060
=964  \\$a03.15.01
=964  \\$a04.01
=964  \\$a04.24.01
=964  \\$a05
=964  \\$aB80
=995  \\$aČeská Literární Bibliografie
=FMT  AN
=OWN  \\$aUCLA
=SIF  \\$ass
=ZAR  \\$sXVI, 262 s.$hsci-fi
=ZAZ  \\$d1995$s1995$l2

