=LDR  01735naa a22004334a 4500
=001  001556532
=003  CZ\PrUCL
=005  20200501000910.0
=008  170104s1996\\\\xr\\\\\\\\\\\\|||\||cze\d
=035  \\$a(ISIS-B80-ID)B9045274
=035  \\$a(ISIS-B80-MFN)92533
=040  \\$aABB060$bcze
=072  \7$a821.162.3.09$xČeská literatura (o ní)$2Konspekt$911
=080  \\$a(01)$2MRF
=100  1\$aŠulc, Jan$d(1965- )$7jn20000620376$4aut$1http://viaf.org/viaf/205584309
=245  10$aJaroslav Hutka :$b(21. dubna 1947 v Olomouci) /$cJan Šulc.
=380  \\$iMajor genre$aSecondary literature$leng
=520  2\$aSoupis prací J. Hutky.
=524  \\$aŠULC, Jan: Jaroslav Hutka : (21. dubna 1947 v Olomouci). In: Hutka, Jaroslav: Koryta krve. Ed. Jan Šulc. Praha : Mladá fronta, 1996, přední a zadní záložka.
=600  17$aHutka, Jaroslav$d(1947- )$7jk01043349$2czenas$1http://viaf.org/viaf/97918543
=600  17$aŠulc, Jan$d(1965- )$7jn20000620376$2czenas$1http://viaf.org/viaf/205584309
=650  04$aliterární bibliografie a různé soupisy$xOPRAVA UCL
=650  07$apísničkáři$7ph124874$2czenas
=650  07$apísňové texty$7ph124876$2czenas
=650  07$ačeští spisovatelé$7ph128175$2czenas
=650  \7$aSong$2ELB-g
=655  \7$abibliografie$7fd131898$2czenas
=773  0\$tKoryta krve$gPřední a zadní záložka$91996
=787  08$aHutka, Jaroslav$tKoryta krve$nEd. Jan Šulc$b1. vydání$dPraha : Mladá fronta, 1996$h150 s.$z80-204-0560-7$4sbírka básní
=910  \\$aABB060
=964  \\$a02.12.01
=964  \\$a05
=964  \\$aB80
=995  \\$aČeská Literární Bibliografie
=FMT  AN
=OWN  \\$aUCLA
=SIF  \\$ass
=ZAR  \\$s157 s.$hsbírka básní
=ZAZ  \\$d1996

