=LDR  02018naa a22005054a 4500
=001  001556533
=003  CZ\PrUCL
=005  20200415224906.0
=008  170104s1996\\\\xr\\\\\\\\\\\\|||\||cze\d
=035  \\$a(ISIS-B80-ID)B9045275
=035  \\$a(ISIS-B80-MFN)92534
=040  \\$aABB060$bcze
=072  \7$a821.112.2.09$xNěmecká literatura, německy psaná (o ní)$2Konspekt$911
=080  \\$a(0:82-94)$2MRF
=245  00$aGustav Meyrink.
=380  \\$iMajor genre$aLiterature$leng
=381  \\$iMajor genre$aOther$leng
=500  \\$aNepodepsáno.
=520  2\$aMedailon autora k zrcadlovému česko-německému vydání.
=524  \\$aGustav Meyrink. In: Meyrink, Gustav: Divotvorný roh = Wunderhorn. Výbor sestavila a přeložila Michaela Sedláčková. Havlíčkův Brod : Fragment, 1996, s. 130-133.
=600  17$aMeyrink, Gustav$d(1868-1932)$7jn19981001847$2czenas$1http://viaf.org/viaf/59086614
=600  17$aSedláčková, Michaela$7jx20060301023$2czenas$1http://viaf.org/viaf/37625344
=648  \4$a1901-1920$xOPRAVA UCL
=650  07$aněmecká próza$7ph123499$2czenas
=650  07$aněmečtí spisovatelé$7ph123532$2czenas
=650  07$apražská německá literatura$7ph138765$2czenas
=650  07$apřekladatelství$7ph124891$2czenas
=650  07$ačeská próza$7ph116861$2czenas
=650  \7$aGerman literature$2ELB-n
=650  \7$aCzech literature$2ELB-n
=655  \7$amedailony$7fd185951$2czenas
=773  0\$tDivotvorný roh = Wunderhorn$gS. 130-133$q1996<130$91996
=787  08$aMeyrink, Gustav$tDivotvorný roh = Wunderhorn$nVýbor sestavila a přeložila Michaela Sedláčková$b1. vydání$dHavlíčkův Brod : Fragment, 1996$k(Zrcadlo)$h133 s.$z80-85768-88-7$4výbor z povídek
=910  \\$aABB060
=964  \\$a02.08
=964  \\$a03.07.02
=964  \\$a04.17.02
=964  \\$a05
=964  \\$aB80
=995  \\$aČeská Literární Bibliografie
=FMT  AN
=OWN  \\$aUCLA
=SIF  \\$ass
=ZAR  \\$s136 s.$hvýbor z povídek
=ZAZ  \\$d1996$s1996$l130

