=LDR  01741naa a22004334a 4500
=001  001556534
=003  CZ\PrUCL
=005  20200506221637.0
=008  170104s1995\\\\xr\\\\\\\\\\\\|||\||cze\d
=035  \\$a(ISIS-B80-ID)B9045276
=035  \\$a(ISIS-B80-MFN)92535
=040  \\$aABB060$bcze
=072  \7$a821.162.3.09$xČeská literatura (o ní)$2Konspekt$911
=100  1\$aEffenberger, Vratislav$d(1923-1986)$7jk01030310$4aut$1http://viaf.org/viaf/15186733
=245  10$aMisantropie? - Klystýr! /$cVratislav Effenberger.
=380  \\$iMajor genre$aSecondary literature$leng
=520  2\$aDoslov datovaný 25. 11. 1982; próza poprvé vyšla v samizdatové edici Le La v roce 1981.
=524  \\$aEFFENBERGER, Vratislav: Misantropie? - Klystýr!. In: Švankmajerová, Eva: Jeskyně Baradla. [Praha] : Sdružení Analogonu : Kozoroh, 1995, s. 100-101.
=600  17$aŠvankmajerová, Eva$d(1940-2005)$7jn20000402928$2czenas$1http://viaf.org/viaf/55013093
=648  \7$a1981-1990$7ch460586$2czenas
=650  07$asamizdatová literatura$7ph125335$2czenas
=650  07$asurrealismus (literatura)$7ph126285$2czenas
=650  07$ačeská próza$7ph116861$2czenas
=650  \7$aSamizdat literature$2ELB-g
=650  \7$aCzech literature$2ELB-n
=655  \4$adoslovy
=773  0\$tJeskyně Baradla$gS. 100-101$91995
=787  08$aŠvankmajerová, Eva$tJeskyně Baradla$d[Praha] : Sdružení Analogonu : Kozoroh, 1995$k(Edice Analogonu ; sv. 4)$h98 s.$z80-238-0583-5$4próza
=787  08$tLe la$4edice
=910  \\$aABB060
=964  \\$a03.14.02
=964  \\$a05
=964  \\$aB80
=995  \\$aČeská Literární Bibliografie
=FMT  AN
=OWN  \\$aUCLA
=SIF  \\$ass
=ZAR  \\$s104 s.$hpróza
=ZAZ  \\$d1995$s1995$l100

