=LDR  02137naa a22004694a 4500
=001  001556535
=003  CZ\PrUCL
=005  20200505230011.0
=008  141211s1995\\\\xr\\\\\\\\\\\\|||\||cze\d
=035  \\$a(ISIS-B80-ID)B9045277
=035  \\$a(ISIS-B80-MFN)92536
=040  \\$aABB060$bcze
=072  \7$a821.162.3.09$xČeská literatura (o ní)$2Konspekt$911
=100  1\$aBarták, Josef$4aut$xOPRAVA UCL
=245  10$aO Karlu Jaromíru Erbenovi /$cJosef Barták.
=380  \\$iMajor genre$aSecondary literature$leng
=520  2\$aPřednáška pronesená 6. listopadu 1881 v Akademickém krajinském spolku "Krakonoš" (použito místo doslovu); s Poznámkami k přednášce J. Baráka (s. 159-165), životopisy K. J. Erbena a J. Bartáka O autorech (s. 166-168) a ediční poznámkou (s. 169-172) od V. Bystrova.
=524  \\$aBARTÁK, Josef - BYSTROV, Vladimír: O Karlu Jaromíru Erbenovi. In: Erben, Karel Jaromír: České národní pohádky. Praha : Bystrov & synové, 1995, s. 146-159.
=600  17$aErben, Karel Jaromír$d(1811-1870)$7jk01030532$2czenas$1http://viaf.org/viaf/54147355
=648  \7$a1851-1900$7ch460575$2czenas
=650  07$adětská literatura$7ph572587$2czenas
=650  07$apohádky$7ph124208$2czenas
=650  07$ačeští spisovatelé$7ph128175$2czenas
=650  \7$aChildren's literature$2ELB-g
=650  \7$aFairy tale$2ELB-g
=655  \4$abiografické poznámky
=655  \4$adoslovy
=655  \4$aediční poznámky
=655  \7$apřednášky$7fd133199$2czenas
=700  1\$aBystrov, Vladimír$d(1935-2010)$4aut$7jk01020496$1http://viaf.org/viaf/7031686
=773  0\$tČeské národní pohádky$gS. 146-159$91995
=787  08$aErben, Karel Jaromír$tČeské národní pohádky$b165. vydání, 6. vydání v tomto výboru$dPraha : Bystrov & synové, 1995$k(Národní knihovnička ; sv. 4)$k(Pohádky)$h174 s.$z80-85980-03-7$4kniha pohádek
=910  \\$aABB060
=964  \\$a03.04.07
=964  \\$a05
=964  \\$aB80
=995  \\$aČeská Literární Bibliografie
=FMT  AN
=OWN  \\$aUCLA
=SIF  \\$ass
=ZAR  \\$s176 s.$hkniha pohádek
=ZAZ  \\$d1995$s1995$l146

