=LDR  01747naa a22004094a 4500
=001  001556536
=003  CZ\PrUCL
=005  20200519221218.0
=008  061205s1995\\\\xr\\\\\\\\\\\\|||\||cze\d
=035  \\$a(ISIS-B80-ID)B9045278
=035  \\$a(ISIS-B80-MFN)92537
=040  \\$aABB060$bcze
=072  \7$a821.162.3.09$xČeská literatura (o ní)$2Konspekt$911
=100  1\$aNovotný, Vladimír$d(1946- )$4aut$xOPRAVA UCL$1http://viaf.org/viaf/71551516
=245  10$aDvě mocnářství v křivém zrcadle /$cVladimír Novotný.
=380  \\$iMajor genre$aSecondary literature$leng
=520  2\$aDoslov; s biografickou poznámkou "O autorovi" (s. 180-181) a ediční poznámkou (s. 182) od V. Novotného.
=524  \\$aNOVOTNÝ, Vladimír: Dvě mocnářství v křivém zrcadle. In: Dyk, Viktor: Tajemná dobrodružství Alexeje Iványče Kozulinova. Praha : Bystrov & synové, 1995, s. 175-179.
=600  17$aDyk, Viktor$d(1877-1931)$7jk01030247$2czenas$1http://viaf.org/viaf/32074913
=648  \7$a1921-1930$7ch460580$2czenas
=650  07$ačeská próza$7ph116861$2czenas
=650  \7$aCzech literature$2ELB-n
=655  \4$abiografické poznámky
=655  \4$adoslovy
=655  \4$aediční poznámky
=773  0\$tTajemná dobrodružství Alexeje Iványče Kozulinova$gS. 175-179$91995
=787  08$aDyk, Viktor$tTajemná dobrodružství Alexeje Iványče Kozulinova$b2. knižní vydání$dPraha : Bystrov & synové, 1995$k(Národní knihovnička ; sv. 5)$k(Skvosty)$h184 s.$z80-85980-04-5$4próza
=910  \\$aABB060
=964  \\$a03.08.02
=964  \\$a05
=964  \\$aB80
=995  \\$aČeská Literární Bibliografie
=FMT  AN
=OWN  \\$aUCLA
=SIF  \\$ass
=ZAR  \\$s184 s.$hpróza
=ZAZ  \\$d1995$s1995$l175

