=LDR  01724naa a22004214a 4500
=001  001556658
=003  CZ\PrUCL
=005  20200417185637.0
=008  170104s1996\\\\xr\\\\\\\\\\\\|||\||cze\d
=035  \\$a(ISIS-B80-ID)B9044982
=035  \\$a(ISIS-B80-MFN)92659
=040  \\$aABB060$bcze
=072  \7$a821.162.3.09$xČeská literatura (o ní)$2Konspekt$911
=245  00$aPjér la Šé'z :$b(* 13. 3. 1963, Planá u Mariánských Lázní; protože v Tachově nebyla porodnice).
=380  \\$iMajor genre$aSecondary literature$leng
=500  \\$aNepodepsáno.
=520  2\$aBiografická poznámka o autorovi povídek, otištěných jako příloha časopisu Tvar 7, 1996, č. 4, 15. 2. - Autor je pseudonym.
=524  \\$aPjér la Šé'z : (* 13. 3. 1963, Planá u Mariánských Lázní; protože v Tachově nebyla porodnice). In: Pjér la Šé'z: Co vám rodiče zamlčeli!. Praha : Tvar, 1996, s. 2.
=600  07$aPjér La Šé'z$d(1963- )$7mzk2003202403$2czenas$1http://viaf.org/viaf/84561190
=648  \7$a1991-2000$7ch460587$2czenas
=650  07$aliterární pseudonymy$7ph122391$2czenas
=650  07$ačeská próza$7ph116861$2czenas
=650  07$ačeští spisovatelé$7ph128175$2czenas
=650  \7$aCzech literature$2ELB-n
=655  \4$abiografické poznámky
=773  0\$tCo vám rodiče zamlčeli!$gS. 2$q1996<2$91996
=787  08$aPjér la Šé'z$tCo vám rodiče zamlčeli!$dPraha : Tvar, 1996$k(Edice Tvary ; sv. 4)$h32 s.$4povídky
=787  08$tTvar$4časopis
=910  \\$aABB060
=964  \\$a03.15.02
=964  \\$a05
=964  \\$aB80
=995  \\$aČeská Literární Bibliografie
=FMT  AN
=OWN  \\$aUCLA
=SIF  \\$agd
=ZAR  \\$s32 s.$hpovídky
=ZAZ  \\$d1996$s1996$l2

