=LDR  01563naa a22004094a 4500
=001  001556784
=003  CZ\PrUCL
=005  20200408222421.0
=008  170104s1996\\\\xr\\\\\\\\\\\\|||\||cze\d
=035  \\$a(ISIS-B80-ID)B9045308
=035  \\$a(ISIS-B80-MFN)92785
=040  \\$aABB060$bcze
=072  \7$a821.162.3.09$xČeská literatura (o ní)$2Konspekt$911
=100  1\$aHoloubek, Jaroslav$d(1946-2016)$7jk01041772$4aut$1http://viaf.org/viaf/65319355
=245  10$aPár řádků delších než začnete číst ty kratší... /$cJaroslav Holoubek.
=380  \\$iMajor genre$aLiterature$leng
=381  \\$iMajor genre$aOther$leng
=520  2\$aAutorská předmluva.
=524  \\$aHOLOUBEK, Jaroslav: Pár řádků delších než začnete číst ty kratší. In: Holoubek, Jaroslav: Piha na nose. Praha : Akropolis, 1996, s. 9-11.
=600  17$aHoloubek, Jaroslav$d(1946-2016)$7jk01041772$2czenas$1http://viaf.org/viaf/65319355
=648  \7$a1951-2000$7ch460577$2czenas
=650  07$ačeská poezie$7ph150471$2czenas
=650  \7$aCzech literature$2ELB-n
=650  \7$aPoetry$2ELB-g
=655  \7$apředmluvy$7fd202214$2czenas
=773  0\$tPiha na nose$gS. 9-11$q1996<9$91996
=787  08$aHoloubek, Jaroslav$tPiha na nose$b1. vydání$dPraha : Akropolis, 1996$h81 s.$z80-85770-31-8$4výbor z poezie
=910  \\$aABB060
=964  \\$a03.16.01
=964  \\$a05
=964  \\$aB80
=995  \\$aČeská Literární Bibliografie
=FMT  AN
=OWN  \\$aUCLA
=SIF  \\$ass
=ZAR  \\$s86 s.$hvýbor z básnické tvorby
=ZAZ  \\$d1996$s1996$l9

