=LDR  01587naa a22004094a 4500
=001  001556785
=003  CZ\PrUCL
=005  20200408171901.0
=008  170104s1996\\\\xr\\\\\\\\\\\\|||\||cze\d
=035  \\$a(ISIS-B80-ID)B9045309
=035  \\$a(ISIS-B80-MFN)92786
=040  \\$aABB060$bcze
=072  \7$a821.162.3.09$xČeská literatura (o ní)$2Konspekt$911
=100  1\$aBalaštík, Miroslav$d(1971- )$7jo2003163259$1http://viaf.org/viaf/84146990
=245  10$aEdiční poznámka /$cMiroslav Balaštík.
=380  \\$iMajor genre$aSecondary literature$leng
=520  2\$aBio-bibliografická poznámka o autorovi.
=524  \\$aBALAŠTÍK, Miroslav: Ediční poznámka. In: Petr, Pavel: Trojlodí Jakuba. Brno : Spolek přátel vydávání časopisu Host, 1996, s. 61.
=600  17$aPetr, Pavel$d(1969- )$7jn99240000867$2czenas$1http://viaf.org/viaf/48502353
=648  \7$a1991-2000$7ch460587$2czenas
=650  07$ačeská poezie$7ph150471$2czenas
=650  07$ačeští spisovatelé$7ph128175$2czenas
=650  \7$aCzech literature$2ELB-n
=650  \7$aPoetry$2ELB-g
=655  \4$abio-bibliografické poznámky
=773  0\$tTrojlodí Jakuba$gS. 61$q1996<61$91996
=787  08$aPetr, Pavel$tTrojlodí Jakuba$b1. vydání$dBrno : Spolek přátel vydávání časopisu Host, 1996$k(Edice poesie Host ; sv. 7)$h61 s.$4sbírka básní
=910  \\$aABB060
=964  \\$a03.15.01
=964  \\$a05
=964  \\$aB80
=995  \\$aČeská Literární Bibliografie
=FMT  AN
=OWN  \\$aUCLA
=SIF  \\$ass
=ZAR  \\$s64 s.$hsbírka básní
=ZAZ  \\$d1996$s1996$l61

