=LDR  02160naa a22004574a 4500
=001  001556826
=003  CZ\PrUCL
=005  20200408223527.0
=008  170104s1996\\\\xr\\\\\\\\\\\\|||\||cze\d
=035  \\$a(ISIS-B80-ID)B9045350
=035  \\$a(ISIS-B80-MFN)92827
=040  \\$aABB060$bcze
=072  \7$a821.112.2.09$xNěmecká literatura, německy psaná (o ní)$2Konspekt$911
=100  1\$aHiršal, Josef$d(1920-2003)$7jk01041094$4aut$1http://viaf.org/viaf/36969452
=245  10$aPokušitel Christian /$cJosef Hiršal.
=380  \\$iMajor genre$aLiterature$leng
=381  \\$iMajor genre$aOther$leng
=520  2\$aPředmluva; s poznámkou "Vydavatelský dovětek" (s. 81-83) a autorským slovníčkem (s. 84-86) od P. Komerse a komentáři J. Bruknera.
=524  \\$aHIRŠAL, Josef - BRUKNER, Josef - KOMERS, Petr et al.: Pokušitel Christian. In: Morgenstern v Čechách. Eds. Josef Brukner, Petr Komers. Praha : Vida vida, 1996, s. 5-6.
=600  17$aBrukner, Josef$d(1932-2015)$7jk01013304$2czenas$1http://viaf.org/viaf/12459159
=600  17$aKomers, Petr$d(1974- )$7xx0008926$2czenas$1http://viaf.org/viaf/85361935
=600  17$aMorgenstern, Christian$d(1871-1914)$7jn19990005833$2czenas$1http://viaf.org/viaf/68933209
=650  07$aněmecká poezie$7ph123496$2czenas
=650  07$apřekladatelství$7ph124891$2czenas
=650  \7$aGerman literature$2ELB-n
=650  \7$aPoetry$2ELB-g
=655  \7$apředmluvy$7fd202214$2czenas
=700  1\$aBrukner, Josef$d(1932-2015)$4aut$7jk01013304$1http://viaf.org/viaf/12459159
=700  1\$aKomers, Petr$d(1974- )$4aut$7xx0008926$1http://viaf.org/viaf/85361935
=773  0\$tMorgenstern v Čechách$gS. 5-6$q1996<5$91996
=787  08$tMorgenstern v Čechách : 21 proslulých básní ve 179 překladech 36 autorů$nEds. Josef Brukner, Petr Komers$b1. vydání tohoto souboru$dPraha : Vida vida, 1996$h88 s.$z80-902035-0-7$4antologie překladů
=910  \\$aABB060
=964  \\$a02.08
=964  \\$a04.17.01
=964  \\$aB80
=995  \\$aČeská Literární Bibliografie
=FMT  AN
=OWN  \\$aUCLA
=SIF  \\$ass
=ZAR  \\$s88 s.$hantologie překladů
=ZAZ  \\$d1996$s1996$l5

