=LDR  02349naa a22004574a 4500
=001  001556827
=003  CZ\PrUCL
=005  20200408173421.0
=008  170104s1996\\\\xr\\\\\\\\\\\\|||\||cze\d
=035  \\$a(ISIS-B80-ID)B9045351
=035  \\$a(ISIS-B80-MFN)92828
=040  \\$aABB060$bcze
=072  \7$a821.162.3.09$xČeská literatura (o ní)$2Konspekt$911
=080  \\$a(047.6)$2MRF
=100  1\$aDostál, Karel$7jn19981000741$1http://viaf.org/viaf/39549134
=245  10$aEdiční poznámky /$cKarel Dostál, Václav Kadlec.
=380  \\$iMajor genre$aSecondary literature$leng
=520  2\$aEdiční poznámka; svazek obsahuje texty z let 1992-1995, většinou publikované v souborech "Aurora na mělčině" (Praha, Pražská imaginace 1992); "Večerníčky pro Cassia" (Pražská imaginace 1993) a "Texty" (soukromý tisk, 1994); knižně nepublikované texty shrnuty v oddílu "Balony mohou vzlétnout".
=524  \\$aDOSTÁL, Karel - KADLEC, Václav: Ediční poznámky. In: Hrabal, Bohumil: Pojízdná zpovědnice. Eds. Karel Dostál, Václav Kadlec. Praha : Pražská imaginace, 1996, s. 277-288.
=600  17$aDostál, Karel$7jn19981000741$2czenas$1http://viaf.org/viaf/39549134
=600  17$aHrabal, Bohumil$d(1914-1997)$7jk01042564$2czenas$1http://viaf.org/viaf/34458072
=600  17$aKadlec, Václav$d(1951- )$7jn99240000405$2czenas$1http://viaf.org/viaf/74008453
=648  \7$a1991-2000$7ch460587$2czenas
=650  07$ačeská próza$7ph116861$2czenas
=650  \7$aCzech literature$2ELB-n
=655  \4$aediční poznámky
=700  1\$aKadlec, Václav$d(1951- )$4aut$7jn99240000405$1http://viaf.org/viaf/74008453
=773  0\$tPojízdná zpovědnice$gS. 277-288$q1996<277$91996
=787  08$aHrabal, Bohumi$tVečerníčky pro Cassia$4soubor próz
=787  08$aHrabal, Bohumil$tAurora na mělčině$4soubor próz
=787  08$aHrabal, Bohumil$tPojízdná zpovědnice$nEds. Karel Dostál, Václav Kadlec$b1. vydání v tomto uspořádání$dPraha : Pražská imaginace, 1996$k(Sebrané spisy Bohumila Hrabala ; sv. 14)$h290 s.$z80-7110-163-X$4soubor textů
=787  08$aHrabal, Bohumil$tTexty$4soubor próz
=910  \\$aABB060
=964  \\$a03.15.02
=964  \\$a05
=964  \\$aB80
=995  \\$aČeská Literární Bibliografie
=FMT  AN
=OWN  \\$aUCLA
=SIF  \\$ass
=ZAZ  \\$d1996$s1996$l277

