=LDR  02460naa a22005174a 4500
=001  001556828
=003  CZ\PrUCL
=005  20200603093948.0
=008  170104s1996\\\\xr\\\\\\\\\\\\|||\||cze\d
=035  \\$a(ISIS-B80-ID)B9045352
=035  \\$a(ISIS-B80-MFN)92829
=040  \\$aABB060$bcze
=072  \7$a94(437)$xDějiny Česka a Slovenska$2Konspekt$98
=100  1\$aTomeš, Josef$d(1954- )$7jo20000080784$4aut$1http://viaf.org/viaf/100311220
=245  10$aMuž v pozadí /$cJosef Tomeš.
=380  \\$iMajor genre$aSecondary literature$leng
=380  \\$iMajor genre$aLiterature$leng
=381  \\$iMajor genre$aOther$leng
=520  2\$aPředmluva ke knize zachycující československé politické dění v letech 1945-1948; s ediční poznámkou Š. Grauové (s. 335-336).
=524  \\$aTOMEŠ, Josef - GRAUOVÁ, Šárka: Muž v pozadí. In: Smutný, Jaromír: Svědectví prezidentova kancléře. Odbornou revizi provedl Josef Tomeš ; k vydání připravila Šárka Grauová ; rejstřík sestavil Václav Kučera. Praha : Mladá fronta, 1996, s. 7-18.
=600  14$aKučera, Václav$xOPRAVA UCL
=600  17$aBeneš, Edvard$d(1884-1948)$7jk01011576$2czenas$1http://viaf.org/viaf/39418979
=600  17$aSmutný, Jaromír$d(1892-1964)$7jn19990209780$2czenas$1http://viaf.org/viaf/115757386
=600  17$aTomeš, Josef$d(1954- )$7jo20000080784$2czenas$1http://viaf.org/viaf/100311220
=648  \7$a1941-1950$7ch460582$2czenas
=650  07$adějiny$7ph114390$2czenas
=650  07$apolitika$7ph115795$2czenas
=650  07$aprezidenti$7ph124601$2czenas
=650  07$ačeská literatura$7ph116858$2czenas
=650  \7$aCzech literature$2ELB-n
=655  \4$aediční poznámky
=655  \7$apředmluvy$7fd202214$2czenas
=700  1\$aGrauová, Šárka$d(1965- )$4aut$7jn20000400800$1http://viaf.org/viaf/84008192
=773  0\$tSvědectví prezidentova kancléře$gS. 7-18$91996
=787  08$aSmutný, Jaromír$tSvědectví prezidentova kancléře$nOdbornou revizi provedl Josef Tomeš ; k vydání připravila Šárka Grauová ; rejstřík sestavil Václav Kučera$dPraha : Mladá fronta, 1996$k(Archiv ; sv. 73)$h341 s.$z80-204-0567-4$4soubor textů a dokumentů
=910  \\$aABB060
=964  \\$a02.06
=964  \\$a03.10
=964  \\$a05
=964  \\$aB80
=995  \\$aČeská Literární Bibliografie
=FMT  AN
=OWN  \\$aUCLA
=SIF  \\$ass
=ZAR  \\$s341 s.$hsoubor textů a dokumentů
=ZAZ  \\$d1996$s1996$l7

