=LDR  01803naa a22004214a 4500
=001  001556829
=003  CZ\PrUCL
=005  20200414234135.0
=008  170104s1996\\\\xr\\\\\\\\\\\\|||\||cze\d
=035  \\$a(ISIS-B80-ID)B9045353
=035  \\$a(ISIS-B80-MFN)92830
=040  \\$aABB060$bcze
=072  \7$a821.162.3.09$xČeská literatura (o ní)$2Konspekt$911
=100  1\$aMartínek, Libor$d(1965- )$7mzk2002106085$4aut$1http://viaf.org/viaf/51030624
=245  10$aO třech dimenzích sbírky Podobizny krajiny /$cLibor Martinek.
=380  \\$iMajor genre$aSecondary literature$leng
=520  2\$aDoslov; s poznámkou o autorovi od L. Martinka (na přebalu), na přebalu jsou též otištěny úryvky z autorova rozhlasového pásma "Zelený brevíř" psaného a vysílaného v roce 1987.
=524  \\$aMARTINEK, Libor: O třech dimenzích sbírky Podobizny krajiny. In: Daehne, Jiří: Podobizny krajiny. Krnov : Jiří Daehne vl. n., 1996, s. 43-45.
=600  17$aDaehne, Jiří$d(1937-1999)$7jk01021988$2czenas$1http://viaf.org/viaf/65311565
=648  \7$a1991-2000$7ch460587$2czenas
=650  07$ačeská poezie$7ph150471$2czenas
=650  07$ačeští spisovatelé$7ph128175$2czenas
=650  \7$aCzech literature$2ELB-n
=650  \7$aPoetry$2ELB-g
=655  \4$abiografické poznámky
=655  \4$adoslovy
=773  0\$tPodobizny krajiny$gS. 43-45$q1996<43$91996
=787  08$aDaehne, Jiří$tPodobizny krajiny : z veršů let 1993 a 1994$b1. vydání$dKrnov : Jiří Daehne vl. n., 1996$h47 s.$z80-900069-7-3$4sbírka básní
=910  \\$aABB060
=964  \\$a03.15.01
=964  \\$a05
=964  \\$aB80
=995  \\$aČeská Literární Bibliografie
=FMT  AN
=OWN  \\$aUCLA
=SIF  \\$ass
=ZAR  \\$s48 s. Volné listy$hsbírka básní
=ZAZ  \\$d1996$s1996$l43

