=LDR  01793naa a22004094a 4500
=001  001556830
=003  CZ\PrUCL
=005  20200519215453.0
=008  170104s1995\\\\xr\\\\\\\\\\\\|||\||cze\d
=035  \\$a(ISIS-B80-ID)B9045354
=035  \\$a(ISIS-B80-MFN)92831
=040  \\$aABB060$bcze
=072  \7$a821.162.3.09$xČeská literatura (o ní)$2Konspekt$911
=100  1\$aOpelík, Jiří$d(1930- )$7jk01091179$4aut$1http://viaf.org/viaf/267050686
=245  10$aEdiční poznámka /$cJiří Opelík.
=380  \\$iMajor genre$aSecondary literature$leng
=520  2\$aEdiční poznámka ke svazku obsahujícího sbírky "Kolik příležitostí má růže", "Co zbylo z anděla", "Hodina mezi psem a vlkem", "Smuténka" a "Metličky".
=524  \\$aOPELÍK, Jiří: Ediční poznámka. In: Skácel, Jan: Básně. I. Ed. Jiří Opelík. Brno : Blok : Společnost Jana Skácela : Nadace Jana Skácela, 1995, s. 267-285.
=600  17$aOpelík, Jiří$d(1930- )$7jk01091179$2czenas$1http://viaf.org/viaf/267050686
=600  17$aSkácel, Jan$d(1922-1989)$7jk01111393$2czenas$1http://viaf.org/viaf/115824377
=648  \7$a1951-2000$7ch460577$2czenas
=650  07$ačeská poezie$7ph150471$2czenas
=650  \7$aCzech literature$2ELB-n
=650  \7$aPoetry$2ELB-g
=655  \4$aediční poznámky
=773  0\$tBásně. I$gS. 267-285$91995
=787  08$aSkácel, Jan$tBásně. I$nEd. Jiří Opelík$b2. vydání$dBrno : Blok : Společnost Jana Skácela : Nadace Jana Skácela, 1995$h285 s.$z80-7029-125-7$4soubor básnických sbírek
=910  \\$aABB060
=964  \\$a03.16.01
=964  \\$a05
=964  \\$aB80
=995  \\$aČeská Literární Bibliografie
=FMT  AN
=OWN  \\$aUCLA
=SIF  \\$ass
=ZAR  \\$s296 s.$hsoubor básnických sbírek
=ZAZ  \\$d1995$s1995$l267

