=LDR  01611naa a22004454a 4500
=001  001556831
=003  CZ\PrUCL
=005  20200518183312.0
=008  170104s1995\\\\xr\\\\\\\\\\\\|||\||cze\d
=035  \\$a(ISIS-B80-ID)B9045355
=035  \\$a(ISIS-B80-MFN)92832
=040  \\$aABB060$bcze
=072  \7$a821.162.3.09$xČeská literatura (o ní)$2Konspekt$911
=080  \\$a(048.2)$2MRF
=100  1\$aMartínek, Libor$d(1965- )$7mzk2002106085$4aut$1http://viaf.org/viaf/51030624
=245  10$aDoslov /$cLibor Martinek.
=380  \\$iMajor genre$aSecondary literature$leng
=520  2\$aDoslov; s anotací od L. Martinka (na přebalu).
=524  \\$aMARTINEK, Libor: Doslov. In: Daehne, Jiří: Zelený brevíř. Krnov : Jiří Daehne vl. n., 1995, s. 63-69.
=600  17$aDaehne, Jiří$d(1937-1999)$7jk01021988$2czenas$1http://viaf.org/viaf/65311565
=648  \7$a1981-1990$7ch460586$2czenas
=648  \7$a1991-2000$7ch460587$2czenas
=650  07$ačeská poezie$7ph150471$2czenas
=650  \7$aCzech literature$2ELB-n
=650  \7$aPoetry$2ELB-g
=655  \4$adoslovy
=655  \7$aanotace$7fd131816$2czenas
=773  0\$tZelený brevíř$gS. 63-69$91995
=787  08$aDaehne, Jiří$tZelený brevíř : z veršů let 1988 až 1992$b1. knižní vydání$dKrnov : Jiří Daehne vl. n., 1995$h72 s.$4sbírka básní
=910  \\$aABB060
=964  \\$a03.14.01
=964  \\$a03.15.01
=964  \\$a05
=964  \\$aB80
=995  \\$aČeská Literární Bibliografie
=FMT  AN
=OWN  \\$aUCLA
=SIF  \\$ass
=ZAR  \\$s72 s. Volné listy$hsbírka básní
=ZAZ  \\$d1995$s1995$l63

