=LDR  02437naa a22004334a 4500
=001  001556832
=003  CZ\PrUCL
=005  20200525231625.0
=008  170104s1995\\\\xr\\\\\\\\\\\\|||\||cze\d
=035  \\$a(ISIS-B80-ID)B9045356
=035  \\$a(ISIS-B80-MFN)92833
=040  \\$aABB060$bcze
=072  \7$a821.162.3.09$xČeská literatura (o ní)$2Konspekt$911
=080  \\$a(0.072)$2MRF
=100  1\$aSládek, Miloš$d(1964- )$7js20030505002$4aut$1http://viaf.org/viaf/78061477
=245  10$aEdiční poznámka /$cMiloš Sládek.
=380  \\$iMajor genre$aSecondary literature$leng
=520  2\$aEdiční poznámka; s úvodní poznámkou ke kapitole "Drobty nebeského chleba" (s. 6-11), s úvody (průvodním slovem) k jednotlivým oddílům (kapitolám), jejichž podtituly vyjadřují charakter vybraných textů: "Lidské ctnosti a neřesti v dílech barokních kazatelů" (s. 15-25), "Strašidelné příběhy v barokní literatuře" (s. 62-68), "Poutní místa v literatuře českého baroka" (s. 89-94), "Čtení z kuchařských knih a hospodářských příruček českého baroka" (s. 119-124), "Knížky lidového čtení v českém baroku" (s. 151-154) a "Smrt v české barokní homiletice" (s. 191-198); s vysvětlivkami k edicím (s. 234-247).
=524  \\$aSLÁDEK, Miloš: Ediční poznámka. In: Malý svět jest člověk aneb Výbor z české barokní prózy. Sestavil a průvodní slovo napsal Miloš Sládek. Jinočany : H & H, 1995, s. 248-249.
=600  17$aSládek, Miloš$d(1964- )$7js20030505002$2czenas$1http://viaf.org/viaf/78061477
=650  04$aknížky lidového čtení
=650  04$astarší česká próza
=650  07$abarokní literatura$7ph118768$2czenas
=650  07$ahomiletika$7ph120791$2czenas
=650  07$akuchařské knihy$7ph122000$2czenas
=650  07$akázání$7ph122077$2czenas
=655  \4$aediční poznámky
=655  \7$akomentáře$7fd132578$2czenas
=773  0\$tMalý svět jest člověk aneb Výbor z české barokní prózy$gS. 248-249$91995
=787  08$tMalý svět jest člověk aneb Výbor z české barokní prózy$nSestavil a průvodní slovo napsal Miloš Sládek$b1. vydání$dJinočany : H & H, 1995$h255 s.$z80-85787-84-9$4antologie
=910  \\$aABB060
=964  \\$a03.02.02
=964  \\$aB80
=995  \\$aČeská Literární Bibliografie
=FMT  AN
=OWN  \\$aUCLA
=SIF  \\$ass
=ZAR  \\$s256 s.$hantologie
=ZAZ  \\$d1995$s1995$l248

