=LDR  02485naa a22005774a 4500
=001  001556833
=003  CZ\PrUCL
=005  20200505212434.0
=008  170104s1995\\\\xr\\\\\\\\\\\\|||\||cze\d
=035  \\$a(ISIS-B80-ID)B9045357
=035  \\$a(ISIS-B80-MFN)92834
=040  \\$aABB060$bcze
=072  \7$a821.162.3.09$xČeská literatura (o ní)$2Konspekt$911
=080  \\$a(01)$2MRF
=080  \\$a(047.53)$2MRF
=080  \\$a(083.8)$2MRF
=100  1\$aBurian, Jan$d(1952- )$7jk01020364$4ive$1http://viaf.org/viaf/18892764
=245  10$aRozhovor /$cJan Burian, Ivan Hartman.
=380  \\$iMajor genre$aSecondary literature$leng
=380  \\$iMajor genre$aSecondary literature$leng
=380  \\$iMajor genre$aLiterature$leng
=381  \\$iMajor genre$aOther$leng
=500  \\$aV tiráži uvedeno Mimo edice, v připojených nakladatelských anoncích označeno jako 6. svazek (6. číslo) Větší edice (velké zpěvníky).
=520  2\$aRozhovor s J. Burianem je součástí svazku obsahujícího autorem komentované písňové texty z let 1969-1994 (s. 5-200, jejich soupis je na s. 247-249) a výběr z článků a novinových výstřižků (s. 201-225); s diskografií a bibliografií J. Buriana (s. 243-246).
=524  \\$aBURIAN, Jan - HARTMAN, Ivan: Rozhovor. In: Burian, Jan: Na shledanou zítra. Praha : Folk & Country, 1995, s. 227-240.
=600  17$aBurian, Jan$d(1952- )$7jk01020364$2czenas$1http://viaf.org/viaf/18892764
=648  \7$a1951-2000$7ch460577$2czenas
=650  07$apísničkáři$7ph124874$2czenas
=650  07$apísňové texty$7ph124876$2czenas
=650  07$ačeská poezie$7ph150471$2czenas
=650  \7$aSong$2ELB-g
=650  \7$aCzech literature$2ELB-n
=650  \7$aPoetry$2ELB-g
=655  \7$abibliografie$7fd131898$2czenas
=655  \7$adiskografie$7fd132026$2czenas
=655  \7$arozhovory$7fd133303$2czenas
=655  \7$asoupisy$7fd133560$2czenas
=700  1\$aHartman, Ivan$d(1962- )$4ivr$7jn20000400897$1http://viaf.org/viaf/84008832
=773  0\$tNa shledanou zítra$gS. 227-240$91995
=787  08$aBurian, Jan$tNa shledanou zítra : písňové texty, články a výstřižky$b1. vydání$dPraha : Folk & Country, 1995$h249 s.$4soubor textů
=910  \\$aABB060
=964  \\$a02.12.01
=964  \\$a03.16.01
=964  \\$a05
=964  \\$aB80
=995  \\$aČeská Literární Bibliografie
=FMT  AN
=OWN  \\$aUCLA
=SIF  \\$ass
=ZAR  \\$s252 s.$hsoubor textů
=ZAZ  \\$d1995$s1995$l227

