=LDR  02209naa a22004814a 4500
=001  001556834
=003  CZ\PrUCL
=005  20201126174439.0
=008  170104s1994\\\\xr\\\\\\\\\\\\|||\||cze\d
=035  \\$a(ISIS-B80-ID)B9045358
=035  \\$a(ISIS-B80-MFN)92835
=040  \\$aABB060$bcze
=072  \7$a821.162.3.09$xČeská literatura (o ní)$2Konspekt$911
=245  00$aDvě zcela rozličné ženy...
=380  \\$iMajor genre$aLiterature$leng
=381  \\$iMajor genre$aOther$leng
=500  \\$aNepodepsáno.
=500  \\$aVydáno k 50. výročí vyvraždění rodinného Tábora v Osvětimi.
=520  2\$aPředmluva ke knize obsahující samostatné vzpomínky dvou vězeňkyň osvětimského tábora: "Na cizí planetě - tábor II B" M. Herrmannové (s. 9-23) a "Vzpomínky" H. Schützové (s. 25-89).
=524  \\$aDvě zcela rozličné ženy. In: Herrmannová, Margit - Schützová, Helena: Kdo chce budoucím něco říci, má promluvit. Praha : Židovské muzeum, 1994, s. 5-7.
=600  17$aHerrmannová, Margit$d(1921-2003)$7jx20040720096$2czenas$1http://viaf.org/viaf/80618016
=600  17$aSchützová, Helena$d(1899-1979)$7jx20070626029$2czenas$1http://viaf.org/viaf/80618118
=648  \7$a1951-2000$7ch460577$2czenas
=650  07$aholocaust (1939-1945)$7ph117203$2czenas
=650  07$akoncentrační tábory$7ph121782$2czenas
=650  07$amemoárová literatura$7ph115260$2czenas
=650  07$ačeská literatura$7ph116858$2czenas
=650  \7$aCzech literature$2ELB-n
=655  \7$apředmluvy$7fd202214$2czenas
=773  0\$tKdo chce budoucím něco říci, má promluvit$gS. 5-7$91994
=787  08$aHerrmannová, Margit - Schützová, Helena$tKdo chce budoucím něco říci, má promluvit$b1. vydání$dPraha : Židovské muzeum, 1994$k(Svícen)$h89 s.$z80-85608-12-X$4kniha vzpomínek
=787  08$aHerrmannová, Margit$tNa cizí planetě - tábor II B$4vzpomínky
=787  08$aSchützová, Helena$tVzpomínky$4vzpomínky
=910  \\$aABB060
=964  \\$a03.16
=964  \\$a05
=964  \\$aB80
=995  \\$aČeská Literární Bibliografie
=FMT  AN
=OWN  \\$aUCLA
=SIF  \\$ass
=ZAR  \\$s91 s.$hkniha vzpomínek
=ZAZ  \\$d1994$s1994$l5

