=LDR  01556naa a22004214a 4500
=001  001557185
=003  CZ\PrUCL
=005  20200504204846.0
=008  170104s1996\\\\xr\\\\\\\\\\\\|||\||cze\d
=035  \\$a(ISIS-B80-ID)B9045629
=035  \\$a(ISIS-B80-MFN)93186
=040  \\$aABB060$bcze
=072  \7$a821.162.3.09$xČeská literatura (o ní)$2Konspekt$911
=245  00$aJindřich Zogata :$b(* 6. 8. 1941, Jaworzynka, Polsko.).
=380  \\$iMajor genre$aSecondary literature$leng
=500  \\$aNepodepsáno.
=520  2\$aBio-bibliografická poznámka o autorovi básnické sbírky, vydané jako příloha časopisu Tvar 7, 1996, č. 5, 29. 2.
=524  \\$aJindřich Zogata : (* 6. 8. 1941, Jaworzynka, Polsko. ). In: Zogata, Jindřich: Otisky. Praha : Tvar, 1996, s. 2.
=600  17$aZogata, Jindřich$d(1941- )$7jk01152775$2czenas$1http://viaf.org/viaf/25014078
=648  \7$a1991-2000$7ch460587$2czenas
=650  07$ačeská poezie$7ph150471$2czenas
=650  07$ačeští spisovatelé$7ph128175$2czenas
=650  \7$aCzech literature$2ELB-n
=650  \7$aPoetry$2ELB-g
=655  \4$abio-bibliografické poznámky
=773  0\$tOtisky$gS. 2$q1996<2$91996
=787  08$aZogata, Jindřich$tOtisky$dPraha : Tvar, 1996$k(Edice Tvary ; sv. 5)$h32 s.$4sbírka básní
=787  08$tTvar$4časopis
=910  \\$aABB060
=964  \\$a03.15.01
=964  \\$a05
=964  \\$aB80
=995  \\$aČeská Literární Bibliografie
=FMT  AN
=OWN  \\$aUCLA
=SIF  \\$agd
=ZAR  \\$s32 s.$hbásnická sbírka
=ZAZ  \\$d1996$s1996$l2

