=LDR  01935naa a22004454a 4500
=001  001557449
=003  CZ\PrUCL
=005  20200518192116.0
=008  170104s1995\\\\xr\\\\\\\\\\\\|||\||cze\d
=035  \\$a(ISIS-B80-ID)B9045812
=035  \\$a(ISIS-B80-MFN)93450
=040  \\$aABB060$bcze
=072  \7$a821.162.3.09$xČeská literatura (o ní)$2Konspekt$911
=100  1\$aMalík, František$4aut$xOPRAVA UCL
=245  10$aVážení čtenáři... /$cFrantišek Malík.
=380  \\$iMajor genre$aLiterature$leng
=381  \\$iMajor genre$aOther$leng
=520  2\$aPředmluva redaktora publikace, s poznámkami o autorech básní vztahujících se k Břestku (viz rozpis).
=524  \\$aMALÍK, František: Vážení čtenáři. In: Krčmářová, Otýlie - Dudešková, Ludmila - Andrýsek, Bohumil - Kolomazník, Antonín: Verše psané srdcem. Břestek : Obecní úřad v Břestku : Klub komunální kultury v Břestku, 1995, s. 3.
=600  14$aAndrýsek, Bohumil
=600  14$aDudešková, Ludmila
=600  14$aKolomazník, Antonín
=600  17$aKrčmářová, Otýlie$d(1905-1999)$7jx20100419007$2czenas$1http://viaf.org/viaf/120612023
=648  \7$a1991-2000$7ch460587$2czenas
=650  07$ačeská poezie$7ph150471$2czenas
=650  \7$aCzech literature$2ELB-n
=650  \7$aPoetry$2ELB-g
=651  \7$aBřestek (Česko)$7ge212779$2czenas
=655  \7$apředmluvy$7fd202214$2czenas
=773  0\$tVerše psané srdcem$gS. 3$91995
=787  08$aKrčmářová, Otýlie - Dudešková, Ludmila - Andrýsek, Bohumil - Kolomazník, Antonín$tVerše psané srdcem$dBřestek : Obecní úřad v Břestku : Klub komunální kultury v Břestku, 1995$h59 s.$z80-254-7029-6$4sborník básní
=910  \\$aABB060
=964  \\$a03.15.01
=964  \\$aB80
=995  \\$aČeská Literární Bibliografie
=FMT  AN
=OWN  \\$aUCLA
=SIF  \\$ass
=ZAR  \\$s60 s.$hverše čtyř autorů
=ZAZ  \\$d1995$s1995$l3

