=LDR  02584naa a22005294a 4500
=001  001557450
=003  CZ\PrUCL
=005  20200602234537.0
=008  170104s1995\\\\xxu\\\\\\\\\\\|||\||cze\d
=035  \\$a(ISIS-B80-ID)B9045813
=035  \\$a(ISIS-B80-MFN)93451
=040  \\$aABB060$bcze
=044  \\$axxu$axr
=072  \7$a821.162.3.09$xČeská literatura (o ní)$2Konspekt$911
=080  \\$a(01)$2MRF
=080  \\$a(046)$2MRF
=100  1\$aTománek, Josef Václav$d(1912-2012)$7jk01132644$1http://viaf.org/viaf/41861288
=245  10$aÚvod k nové sbírce veršů /$cJosef V. Toman-Tománek.
=380  \\$iMajor genre$aSecondary literature$leng
=380  \\$iMajor genre$aLiterature$leng
=381  \\$iMajor genre$aOther$leng
=520  2\$aAutorský úvod k souboru veršů (s. 9-86); kniha dále obsahuje oddíly "Verše mých bližních" (s. 87), "Dopisy vládním činitelům" (s. 88-93), "Články čtenářů" (s. 94-103) a "Věty z dopisů" (s. 104-111); s pokračováním bibliografie tvorby J. V. Tomana-Tománka za léta 1994-1995 (s. 112-113) a soupisu článků a poznámek věnovaných J. V. Tomanu-Tománkovi (s. 114-115), s celkovou bibliografií J. V. Tomana-Tománka (včetně tvorby v rukopisech) a se soupisem tvorby exulantů vydané v edici Hlas-Voice v letech 1968-1995 (uváděn též jako Josef V. Tománek-Toman).
=524  \\$aTOMÁNEK, Josef Václav: Úvod k nové sbírce veršů. In: Tománek, Josef Václav: Deník bojovníka. New York ; Praha : Hlas-Voice, 1995, s. 5-8.
=600  17$aTománek, Josef Václav$d(1912-2012)$7jk01132644$2czenas$1http://viaf.org/viaf/41861288
=648  \7$a1991-2000$7ch460587$2czenas
=650  07$aemigranti$7ph296988$2czenas
=650  07$ačeská poezie$7ph150471$2czenas
=650  07$ačeští spisovatelé$7ph128175$2czenas
=650  \7$aCzech literature$2ELB-n
=650  \7$aPoetry$2ELB-g
=651  \7$aSpojené státy americké$7ge128584$2czenas
=655  \7$abibliografie$7fd131898$2czenas
=655  \7$apředmluvy$7fd202214$2czenas
=773  0\$tDeník bojovníka$gS. 5-8$91995
=787  08$aTománek, Josef Václav$tDeník bojovníka : verše z let 1994-1995$b1. vydání$dNew York ; Praha : Hlas-Voice, 1995$k(Hlas-Voice : česká edice knih a hudebnin ; sv. 40)$h121 s.$z0-913209-21-X$4soubor textů
=787  08$tHlas-Voice$4edice
=910  \\$aABB060
=964  \\$a02.12.01
=964  \\$a03.15.01
=964  \\$a05
=964  \\$aB80
=964  \\$aMBK
=995  \\$aČeská Literární Bibliografie
=FMT  AN
=OWN  \\$aUCLA
=SIF  \\$ass
=ZAZ  \\$d1995$s1995$l5

