=LDR  02046naa a22004814a 4500
=001  001557451
=003  CZ\PrUCL
=005  20200511181954.0
=008  170104s1995\\\\xr\\\\\\\\\\\\|||\||cze\d
=035  \\$a(ISIS-B80-ID)B9045814
=035  \\$a(ISIS-B80-MFN)93452
=040  \\$aABB060$bcze
=072  \7$a821.162.3.09$xČeská literatura (o ní)$2Konspekt$911
=100  1\$aHorníček, Miroslav$d(1918-2003)$7jk01042235$4aut$1http://viaf.org/viaf/32806042
=245  10$aĎábel jménem Matyáš /$cMiroslav Horníček.
=380  \\$iMajor genre$aSecondary literature$leng
=380  \\$iMajor genre$aSecondary literature$leng
=380  \\$iMajor genre$aLiterature$leng
=381  \\$iMajor genre$aOther$leng
=520  2\$aPředmluva; s Úvodem J. Bartoška (s. 2), dovětkem J. Skaličky (s. 111), autorovou Poznámkou na závěr (s. 112) a poznámkou o autorovi (s. 114).
=524  \\$aHORNÍČEK, Miroslav - BARTOŠEK, Jaroslav - SKALIČKA, Jiří et al.: Ďábel jménem Matyáš. In: Matyáš, Bohuslav: Nalejme si čistého vína!. Olomouc : Intergrafis, 1995, s. 5-9.
=600  17$aMatyáš, Bohuslav$d(1942- )$7jk01080867$2czenas$1http://viaf.org/viaf/83823042
=648  \7$a1991-2000$7ch460587$2czenas
=650  07$ačeská próza$7ph116861$2czenas
=650  07$ačeští spisovatelé$7ph128175$2czenas
=650  \7$aCzech literature$2ELB-n
=655  \4$adoslovy
=655  \7$apoznámky$7fd133108$2czenas
=655  \7$apředmluvy$7fd202214$2czenas
=700  1\$aBartošek, Jaroslav$d(1922- )$4aut$7xx0151303$1http://viaf.org/viaf/8440149489122693810000
=700  1\$aSkalička, Jiří$4aut
=773  0\$tNalejme si čistého vína!$gS. 5-9$91995
=787  08$aMatyáš, Bohuslav$tNalejme si čistého vína! : fejetony$dOlomouc : Intergrafis, 1995$h112 s.$4soubor fejetonů
=910  \\$aABB060
=964  \\$a03.15.02
=964  \\$a05
=964  \\$aB80
=995  \\$aČeská Literární Bibliografie
=FMT  AN
=OWN  \\$aUCLA
=SIF  \\$ass
=ZAR  \\$s116 s.$hsoubor fejetonů
=ZAZ  \\$d1995$s1995$l5

