=LDR  01504naa a22004214a 4500
=001  001557453
=003  CZ\PrUCL
=005  20200414170533.0
=008  170104s1996\\\\xr\\\\\\\\\\\\|||\||cze\d
=035  \\$a(ISIS-B80-ID)B9045816
=035  \\$a(ISIS-B80-MFN)93454
=040  \\$aABB060$bcze
=072  \7$a821.162.3.09$xČeská literatura (o ní)$2Konspekt$911
=080  \\$a(047.6)$2MRF
=100  1\$aLanger, Martin$d(1972- )$7jn19990010091$4aut$1http://viaf.org/viaf/62467357
=245  10$aPoznámka autora /$cMartin Langer.
=380  \\$iMajor genre$aSecondary literature$leng
=520  2\$aAutorská poznámka.
=524  \\$aLANGER, Martin: Poznámka autora. In: Langer, Martin: Já nezemřu zcela. Praha : Protis, 1996, s. 79.
=600  17$aLanger, Martin$d(1972- )$7jn19990010091$2czenas$1http://viaf.org/viaf/62467357
=648  \7$a1991-2000$7ch460587$2czenas
=650  07$aosobnosti$7ph115615$2czenas
=650  07$ačeská poezie$7ph150471$2czenas
=650  \7$aCzech literature$2ELB-n
=650  \7$aPoetry$2ELB-g
=655  \7$apoznámky$7fd133108$2czenas
=773  0\$tJá nezemřu zcela$gS. 79$q1996<79$91996
=787  08$aLanger, Martin$tJá nezemřu zcela$dPraha : Protis, 1996$k(Struktury ; sv. 2)$h79 s.$z80-85940-06-X$4sbírka básní
=910  \\$aABB060
=964  \\$a03.15.01
=964  \\$a05
=964  \\$aB80
=995  \\$aČeská Literární Bibliografie
=FMT  AN
=OWN  \\$aUCLA
=SIF  \\$ass
=ZAR  \\$s82 s.$hsbírka básní
=ZAZ  \\$d1996$s1996$l79

