=LDR  01457naa a22003974a 4500
=001  001557454
=003  CZ\PrUCL
=005  20200416230913.0
=008  170104s1996\\\\xr\\\\\\\\\\\\|||\||cze\d
=035  \\$a(ISIS-B80-ID)B9045817
=035  \\$a(ISIS-B80-MFN)93455
=040  \\$aABB060$bcze
=072  \7$a821.162.3.09$xČeská literatura (o ní)$2Konspekt$911
=100  1\$aOlič, Jiří$d(1947- )$7jn19990218077$4aut$1http://viaf.org/viaf/19833771
=245  10$aSny Jakuba Demla /$cJiří Olič.
=380  \\$iMajor genre$aSecondary literature$leng
=520  2\$aDoslov k reprintu původního vydání knihy z roku 1929.
=524  \\$aOLIČ, Jiří: Sny Jakuba Demla. In: Deml, Jakub: Můj očistec. Olomouc : Votobia, 1996, s. 251-254.
=600  17$aDeml, Jakub$d(1878-1961)$7jk01022199$2czenas$1http://viaf.org/viaf/46772698
=648  \7$a1921-1930$7ch460580$2czenas
=650  07$asny$7ph125733$2czenas
=650  07$ačeská próza$7ph116861$2czenas
=650  \7$aCzech literature$2ELB-n
=655  \4$adoslovy
=773  0\$tMůj očistec$gS. 251-254$q1996<251$91996
=787  08$aDeml, Jakub$tMůj očistec$b2. vydání$dOlomouc : Votobia, 1996$h254 s.$z80-7198-044-7$4autorský výbor textů
=910  \\$aABB060
=964  \\$a03.08.02
=964  \\$a05
=964  \\$aB80
=995  \\$aČeská Literární Bibliografie
=FMT  AN
=OWN  \\$aUCLA
=SIF  \\$ass
=ZAR  \\$s261 s.$hautorský výbor textů
=ZAZ  \\$d1996$s1996$l251

