=LDR  01657naa a22004094a 4500
=001  001557455
=003  CZ\PrUCL
=005  20200418005312.0
=008  170104s1996\\\\xr\\\\\\\\\\\\|||\||cze\d
=035  \\$a(ISIS-B80-ID)B9045818
=035  \\$a(ISIS-B80-MFN)93456
=040  \\$aABB060$bcze
=072  \7$a821.162.3.09$xČeská literatura (o ní)$2Konspekt$911
=100  1\$aŠiktanc, Karel$d(1928-2021)$7jk01122896$4aut$1http://viaf.org/viaf/36975712
=245  10$aSlovo nazbyt /$cKarel Šiktanc.
=380  \\$iMajor genre$aSecondary literature$leng
=520  2\$aDoslov.
=524  \\$aŠIKTANC, Karel: Slovo nazbyt. In: Seifert, Jaroslav: Nejkrásnější bývá šílená. Výbor usp. Karel Šiktanc. Praha : Mladá fronta, 1996, s. 135-137.
=600  17$aSeifert, Jaroslav$d(1901-1986)$7jk01110657$2czenas$1http://viaf.org/viaf/12317734
=600  17$aŠiktanc, Karel$d(1928-2021)$7jk01122896$2czenas$1http://viaf.org/viaf/36975712
=648  \4$a1901-2000$xOPRAVA UCL
=650  07$ačeská poezie$7ph150471$2czenas
=650  \7$aCzech literature$2ELB-n
=650  \7$aPoetry$2ELB-g
=655  \4$adoslovy
=773  0\$tNejkrásnější bývá šílená$gS. 135-137$q1996<135$91996
=787  08$aSeifert, Jaroslav$tNejkrásnější bývá šílená$nVýbor usp. Karel Šiktanc$b2., rozšířené vydání$dPraha : Mladá fronta, 1996$k(Květy poezie ; sv. 193)$h136 s.$z80-204-0566-6$4výbor z básní
=910  \\$aABB060
=964  \\$a03.05.01
=964  \\$a05
=964  \\$aB80
=995  \\$aČeská Literární Bibliografie
=FMT  AN
=OWN  \\$aUCLA
=SIF  \\$ass
=ZAR  \\$s143 s.$hvýbor z básní
=ZAZ  \\$d1996$s1996$l135

