=LDR  01418naa a22003974a 4500
=001  001557456
=003  CZ\PrUCL
=005  20200409234824.0
=008  170104s1996\\\\xr\\\\\\\\\\\\|||\||cze\d
=035  \\$a(ISIS-B80-ID)B9045819
=035  \\$a(ISIS-B80-MFN)93457
=040  \\$aABB060$bcze
=072  \7$a821.162.3.09$xČeská literatura (o ní)$2Konspekt$911
=100  1\$aKrál, Petr$d(1941-2020)$7jk01062798$4aut$1http://viaf.org/viaf/19679709
=245  10$aPost-scriptum /$cPetr Král.
=380  \\$iMajor genre$aSecondary literature$leng
=520  2\$aAutorský doslov.
=524  \\$aKRÁL, Petr: Post-scriptum. In: Král, Petr: Soukromý život. Praha : Mladá fronta, 1996, s. 161-162.
=600  17$aKrál, Petr$d(1941-2020)$7jk01062798$2czenas$1http://viaf.org/viaf/19679709
=648  \7$a1981-1990$7ch460586$2czenas
=650  07$ačeská poezie$7ph150471$2czenas
=650  \7$aCzech literature$2ELB-n
=650  \7$aPoetry$2ELB-g
=655  \4$adoslovy
=773  0\$tSoukromý život$gS. 161-162$q1996<161$91996
=787  08$aKrál, Petr$tSoukromý život : poesie 1982-1985$b1. vydání$dPraha : Mladá fronta, 1996$h162 s.$z80-204-0534-8$4výbor z básní
=910  \\$aABB060
=964  \\$a03.14.01
=964  \\$a05
=964  \\$aB80
=995  \\$aČeská Literární Bibliografie
=FMT  AN
=OWN  \\$aUCLA
=SIF  \\$ass
=ZAR  \\$s168 s.$hsbírka básní
=ZAZ  \\$d1996$s1996$l161

