=LDR  01661naa a22004094a 4500
=001  001557457
=003  CZ\PrUCL
=005  20200414235812.0
=008  170104s1996\\\\xr\\\\\\\\\\\\|||\||cze\d
=035  \\$a(ISIS-B80-ID)B9045820
=035  \\$a(ISIS-B80-MFN)93458
=040  \\$aABB060$bcze
=072  \7$a030$xVšeobecná příručková díla$2Konspekt$912
=100  1\$aMachovec, Martin$d(1956- )$7ola2002105173$4aut$1http://viaf.org/viaf/49303980
=245  10$aPředmluva /$cMartin Machovec.
=380  \\$iMajor genre$aLiterature$leng
=381  \\$iMajor genre$aOther$leng
=500  \\$aEdice v knize neuvedena.
=520  2\$aPředmluva k abecednímu soupisu dvojic a trojic fixovaných v našem povědomí.
=524  \\$aMACHOVEC, Martin: Předmluva. In: Machovec, Martin - Vácha, Antonín: Mythologické dvojice (a trojice) dneška. Praha : Maťa, 1996, s. 5-8.
=600  17$aMachovec, Martin$d(1956- )$7ola2002105173$2czenas$1http://viaf.org/viaf/49303980
=600  17$aVácha, Antonín$d(1957- )$7jn19990209972$2czenas$1http://viaf.org/viaf/84000407
=648  \7$a1991-2000$7ch460587$2czenas
=650  07$aslovníky$7ph217766$2czenas
=655  \7$apředmluvy$7fd202214$2czenas
=773  0\$tMythologické dvojice (a trojice) dneška$gS. 5-8$q1996<5$91996
=787  08$aMachovec, Martin - Vácha, Antonín$tMythologické dvojice (a trojice) dneška$dPraha : Maťa, 1996$k(A/R ; sv. 6)$h44 s.$z80-901915-6-8$4soupis
=910  \\$aABB060
=964  \\$a03.15
=964  \\$a05
=964  \\$aB80
=995  \\$aČeská Literární Bibliografie
=FMT  AN
=OWN  \\$aUCLA
=SIF  \\$ass
=ZAR  \\$s48 s.$hsoupis
=ZAZ  \\$d1996$s1996$l5

