=LDR  01711naa a22004094a 4500
=001  001557547
=003  CZ\PrUCL
=005  20200415201226.0
=008  170104s1996\\\\xr\\\\\\\\\\\\|||\||cze\d
=035  \\$a(ISIS-B80-ID)B9045910
=035  \\$a(ISIS-B80-MFN)93548
=040  \\$aABB060$bcze
=072  \7$a821.162.3.09$xČeská literatura (o ní)$2Konspekt$911
=100  1\$aMilota, Karel$d(1937-2002)$7jk01081727$4aut$1http://viaf.org/viaf/51933424
=245  10$aEdiční poznámka /$cKarel Milota.
=380  \\$iMajor genre$aSecondary literature$leng
=520  2\$aEdiční poznámka; edičně připraveno podle původního vydání z roku 1937.
=524  \\$aMILOTA, Karel: Ediční poznámka. In: Součková, Milada: Amor a Psyché. Eds. Karel Milota, Kristián Suda. Praha : Erm, 1996, s. 233-234.
=600  17$aMilota, Karel$d(1937-2002)$7jk01081727$2czenas$1http://viaf.org/viaf/51933424
=600  17$aSoučková, Milada$d(1899-1983)$7jz8001161$2czenas$1http://viaf.org/viaf/92629972
=600  17$aSuda, Kristián$d(1946- )$7jk01121654$2czenas$1http://viaf.org/viaf/61790981
=648  \7$a1931-1940$7ch460581$2czenas
=650  07$ačeská próza$7ph116861$2czenas
=650  \7$aCzech literature$2ELB-n
=655  \4$aediční poznámky
=773  0\$tAmor a Psyché$gS. 233-234$q1996<233$91996
=787  08$aSoučková, Milada$tAmor a Psyché$nEds. Karel Milota, Kristián Suda$b2. vydání$dPraha : Erm, 1996$k(Dílo Milady Součkové ; sv. 2)$h235 s.$4román
=910  \\$aABB060
=964  \\$a03.09.02
=964  \\$a05
=964  \\$aB80
=995  \\$aČeská Literární Bibliografie
=FMT  AN
=OWN  \\$aUCLA
=SIF  \\$ass
=ZAR  \\$s238 s.$hromán
=ZAZ  \\$d1996$s1996$l233

