=LDR  01891naa a22004694a 4500
=001  001557548
=003  CZ\PrUCL
=005  20200418003856.0
=008  170104s1996\\\\xr\\\\\\\\\\\\|||\||cze\d
=035  \\$a(ISIS-B80-ID)B9045911
=035  \\$a(ISIS-B80-MFN)93549
=040  \\$aABB060$bcze
=072  \7$a821.162.3.09$xČeská literatura (o ní)$2Konspekt$911
=100  1\$aŠkvorecký, Josef$d(1924-2012)$7jk01130413$4aut$1http://viaf.org/viaf/83176668
=245  10$aSvět jazzu /$cJosef Škvorecký.
=380  \\$iMajor genre$aSecondary literature$leng
=506  \\$aB80AN
=520  2\$aDoslov z roku 1967 k neuskutečněnému vydání sbírky v roce 1969; s autorovou ediční poznámkou "O cenzuře a jiných věcech" (s. 110-113). - Sbírka vyšla v r. 1977 v Sixty-Eight Publishers, v r. 1988 v samizdatové České expedici.
=524  \\$aŠKVORECKÝ, Josef: Svět jazzu. In: Hořec, Jaromír: Půlnoční jam session. Praha : Melantrich, 1996, s. 108-109.
=600  17$aHořec, Jaromír$d(1921-2009)$7jk01042314$2czenas$1http://viaf.org/viaf/59129952
=648  \7$a1961-1970$7ch460584$2czenas
=650  04$anakladatelské otázky$xOPRAVA UCL
=650  07$acenzura$7ph119104$2czenas
=650  07$ajazz$7ph121330$2czenas
=650  07$ačeská poezie$7ph150471$2czenas
=650  \7$aCzech literature$2ELB-n
=650  \7$aPoetry$2ELB-g
=655  \4$adoslovy
=655  \4$aediční poznámky
=773  0\$tPůlnoční jam session$gS. 108-109$q1996<108$91996
=787  08$aHořec, Jaromír$tPůlnoční jam session$dPraha : Melantrich, 1996$k(Poesie ; sv. 157)$h117 s.$z80-7023-232-3$4sbírka básní
=910  \\$aABB060
=964  \\$a02.09.01
=964  \\$a03.12.01
=964  \\$a05
=964  \\$aB80
=995  \\$aČeská Literární Bibliografie
=FMT  AN
=OWN  \\$aUCLA
=SIF  \\$ass
=ZAR  \\$s119 s.$hsbírka básní
=ZAZ  \\$d1996$s1996$l108

