=LDR  02374naa a22004694a 4500
=001  001557549
=003  CZ\PrUCL
=005  20200418004412.0
=008  170104s1996\\\\xr\\\\\\\\\\\\|||\||cze\d
=035  \\$a(ISIS-B80-ID)B9045912
=035  \\$a(ISIS-B80-MFN)93550
=040  \\$aABB060$bcze
=072  \7$a821.162.3.09$xČeská literatura (o ní)$2Konspekt$911
=080  \\$a(0.072)$2MRF
=100  1\$aŠkvorecký, Josef$d(1924-2012)$7jk01130413$4aut$1http://viaf.org/viaf/83176668
=245  10$aAutorská poznámka /$cJosef Škvorecký.
=380  \\$iMajor genre$aSecondary literature$leng
=520  2\$aAutorův komentář, zejména k prvnímu souboru "Nové canterburské povídky" (tištěno podle rukopisu z r. 1947); svazek dále obsahuje povídkový soubor "Sedmiramenný svícen" (1964) a "Legendu Emöke" (1963); s ediční poznámkou V. Justla (s. 299) a textologickou poznámkou O. Hausenblase (s. 301).
=524  \\$aŠKVORECKÝ, Josef - HAUSENBLAS, Ondřej - JUSTL, Vladimír et al.: Autorská poznámka. In: Škvorecký, Josef: Nové canterburské povídky a jiné příběhy. Praha : Ivo Železný, 1996, s. 297-298.
=600  17$aŠkvorecký, Josef$d(1924-2012)$7jk01130413$2czenas$1http://viaf.org/viaf/83176668
=648  \7$a1951-2000$7ch460577$2czenas
=650  07$ačeská próza$7ph116861$2czenas
=650  \7$aCzech literature$2ELB-n
=655  \4$aediční poznámky
=655  \4$atextologické poznámky
=655  \7$akomentáře$7fd132578$2czenas
=700  1\$aHausenblas, Ondřej$d(1954- )$4aut$7jn99240000269$1http://viaf.org/viaf/61701703
=700  1\$aJustl, Vladimír$d(1928-2010)$4aut$7jk01052278$1http://viaf.org/viaf/23360932
=773  0\$tNové canterburské povídky a jiné příběhy$gS. 297-298$q1996<297$91996
=787  08$aŠkvorecký, Josef$tLegenda Emöke$4novela
=787  08$aŠkvorecký, Josef$tNové canterburské povídky a jiné příběhy$b1. vydání v tomto celku$dPraha : Ivo Železný, 1996$k(Spisy Josefa Škvoreckého ; sv. 3)$h301 s.$z80-237-1890-8$4soubor povídek a novel
=787  08$aŠkvorecký, Josef$tSedmiramenný svícen$4soubor povídek
=910  \\$aABB060
=964  \\$a03.16.02
=964  \\$a05
=964  \\$aB80
=995  \\$aČeská Literární Bibliografie
=FMT  AN
=OWN  \\$aUCLA
=SIF  \\$ass
=ZAR  \\$s304 s.$hsoubor povídek a novel
=ZAZ  \\$d1996$s1996$l297

