=LDR  01997naa a22004454a 4500
=001  001557550
=003  CZ\PrUCL
=005  20200410003201.0
=008  170104s1996\\\\xr\\\\\\\\\\\\|||\||cze\d
=035  \\$a(ISIS-B80-ID)B9045913
=035  \\$a(ISIS-B80-MFN)93551
=040  \\$aABB060$bcze
=072  \7$a821.162.3.09$xČeská literatura (o ní)$2Konspekt$911
=100  1\$aKöpplová, Barbara$d(1943- )$7jk01120701$4aut$1http://viaf.org/viaf/1631509
=245  10$aGustav Meyrink aneb Noční můra Praha /$cBarbara Köpplová.
=380  \\$iMajor genre$aSecondary literature$leng
=500  \\$aKniha přeložena z německého originálu "Gesammelte Werke I-VI" (Lipsko, Kurt Wolff Verlag 1913-1917).
=520  2\$aDoslov; s přehledem české recepce díla G. Meyrinka (vl. jm. Gustav Meyer), včetně překladatelů.
=524  \\$aKÖPPLOVÁ, Barbara: Gustav Meyrink aneb Noční můra Praha. In: Meyrink, Gustav: Mistr Leonhard. Přeložila Eva Pátková. Praha : Aurora, 1996, s. 175-182.
=600  17$aMeyrink, Gustav$d(1868-1932)$7jn19981001847$2czenas$1http://viaf.org/viaf/59086614
=600  17$aPátková, Eva$d(1938- )$7jk01091902$2czenas$1http://viaf.org/viaf/303631610
=650  07$ainterpretace a přijetí literárního díla$7ph137145$2czenas
=650  07$aněmecká próza$7ph123499$2czenas
=650  07$apřekladatelství$7ph124891$2czenas
=650  \7$aGerman literature$2ELB-n
=651  \4$aPraha$xOPRAVA UCL
=655  \4$adoslovy
=773  0\$tMistr Leonhard$gS. 175-182$q1996<175$91996
=787  08$aMeyrink, Gustav$tMistr Leonhard$nPřeložila Eva Pátková$b1. vydání$dPraha : Aurora, 1996$k(Edice světových autorů ; sv. 7)$h182 s.$z80-85974-07-X$4výbor z povídkové tvorby
=910  \\$aABB060
=964  \\$a02.08
=964  \\$a04.17.02
=964  \\$a05
=964  \\$aB80
=995  \\$aČeská Literární Bibliografie
=FMT  AN
=OWN  \\$aUCLA
=SIF  \\$ass
=ZAR  \\$s187 s.$hvýbor z povídkové tvorby
=ZAZ  \\$d1996$s1996$l175

