=LDR  01893naa a22004574a 4500
=001  001557551
=003  CZ\PrUCL
=005  20200504183607.0
=008  170104s1996\\\\xr\\\\\\\\\\\\|||\||cze\d
=035  \\$a(ISIS-B80-ID)B9045914
=035  \\$a(ISIS-B80-MFN)93552
=040  \\$aABB060$bcze
=072  \7$a821.162.3.09$xČeská literatura (o ní)$2Konspekt$911
=080  \\$a(047.6)$2MRF
=245  00$aLudvík Vaculík (*1926).
=380  \\$iMajor genre$aSecondary literature$leng
=500  \\$aNepodepsáno.
=520  2\$aPoznámka o autorovi ke knize jeho textů publikovaných v letech 1990-1995 v Literárních novinách.
=524  \\$aLudvík Vaculík (*1926). In: Vaculík, Ludvík: Nad jezerem škaredě hrát. Ed. Jaromír Slomek. Praha : Ivo Železný, 1996, s. 115.
=600  17$aSlomek, Jaromír$d(1958- )$7jx20080114017$2czenas$1http://viaf.org/viaf/64285189
=600  17$aVaculík, Ludvík$d(1926-2015)$7jk01141068$2czenas$1http://viaf.org/viaf/71404246
=648  \7$a1991-2000$7ch460587$2czenas
=650  07$apublicistika$7ph124828$2czenas
=650  07$ačeská próza$7ph116861$2czenas
=650  07$ačeský fejeton$7ph285159$2czenas
=650  07$ačeští spisovatelé$7ph128175$2czenas
=650  \7$aCzech literature$2ELB-n
=655  \7$apoznámky$7fd133108$2czenas
=773  0\$tNad jezerem škaredě hrát$gS. 115$91996
=787  08$aVaculík, Ludvík$tNad jezerem škaredě hrát : výběr z publicistiky 1990-1995$nEd. Jaromír Slomek$b1. vydání$dPraha : Ivo Železný, 1996$k(Knihovnička Literárních novin ; sv. 2)$h111 s.$z80-237-2546-7$4výbor z fejetonů
=787  08$tLiterární noviny$4časopis
=910  \\$aABB060
=964  \\$a03.15.02
=964  \\$a05
=964  \\$aB80
=995  \\$aČeská Literární Bibliografie
=FMT  AN
=OWN  \\$aUCLA
=SIF  \\$ass
=ZAR  \\$s116 s.$hvýbor z fejetonů
=ZAZ  \\$d1996$s1996$l115

