=LDR  01571naa a22004094a 4500
=001  001557552
=003  CZ\PrUCL
=005  20200410002814.0
=008  170104s1996\\\\xr\\\\\\\\\\\\|||\||cze\d
=035  \\$a(ISIS-B80-ID)B9045915
=035  \\$a(ISIS-B80-MFN)93553
=040  \\$aABB060$bcze
=072  \7$a821.162.3.09$xČeská literatura (o ní)$2Konspekt$911
=245  00$aVáclav Koubek :$bročník 1955.
=380  \\$iMajor genre$aSecondary literature$leng
=500  \\$aNepodepsáno.
=500  \\$aVychází v edici A/R, sv. 7 (v knize neuvedeno).
=520  2\$aBiograficko-bibliografická poznámka o autorovi.
=524  \\$aVáclav Koubek : ročník 1955. In: Koubek, Václav: Vesnické povídky aneb Od hřbitova k lesu. Praha : Maťa, 1996, zadní strana obálky.
=600  17$aKoubek, Václav$d(1955- )$7jn99240000506$2czenas$1http://viaf.org/viaf/29106838
=648  \7$a1991-2000$7ch460587$2czenas
=650  07$ačeská próza$7ph116861$2czenas
=650  07$ačeští spisovatelé$7ph128175$2czenas
=650  \7$aCzech literature$2ELB-n
=655  \4$abio-bibliografické poznámky
=773  0\$tVesnické povídky aneb Od hřbitova k lesu$gZadní strana obálky$91996
=787  08$aKoubek, Václav$tVesnické povídky aneb Od hřbitova k lesu$dPraha : Maťa, 1996$k(A/R ; sv. 6)$h59 s.$z80-901915-8-4$4soubor povídek
=910  \\$aABB060
=964  \\$a03.15.02
=964  \\$a05
=964  \\$aB80
=995  \\$aČeská Literární Bibliografie
=FMT  AN
=OWN  \\$aUCLA
=SIF  \\$ass
=ZAR  \\$s64 s.$hsoubor povídek
=ZAZ  \\$d1996

