=LDR  01778naa a22004214a 4500
=001  001557553
=003  CZ\PrUCL
=005  20200408223037.0
=008  170104s1996\\\\xr\\\\\\\\\\\\|||\||cze\d
=035  \\$a(ISIS-B80-ID)B9045916
=035  \\$a(ISIS-B80-MFN)93554
=040  \\$aABB060$bcze
=072  \7$a821.162.3.09$xČeská literatura (o ní)$2Konspekt$911
=100  1\$aHolman, Petr$d(1951-2019)$7jn20001005497$4aut$1http://viaf.org/viaf/265375453
=245  10$aBásník eseje /$cPetr Holman.
=380  \\$iMajor genre$aSecondary literature$leng
=520  2\$aDoslov; s vydavatelskými poznámkami (s. 207-220) též od P. Holmana. - Svazek obsahuje knihy "Hudba pramenů" a "Skryté dějiny", dále oddíly "Příležitostné eseje" a "Z rukopisné pozůstalosti".
=524  \\$aHOLMAN, Petr: Básník eseje. In: Březina, Otokar: Eseje. Uspořádal a přeložil Petr Holman. Olomouc : Votobia, 1996, s. 197-219.
=600  17$aBřezina, Otokar$d(1868-1929)$7jk01020045$2czenas$1http://viaf.org/viaf/44341760
=600  17$aHolman, Petr$d(1951-2019)$7jn20001005497$2czenas$1http://viaf.org/viaf/265375453
=648  \4$a1901-1920$xOPRAVA UCL
=650  04$aeseje$xOPRAVA UCL
=650  07$ačeská próza$7ph116861$2czenas
=650  \7$aEssay$2ELB-g
=650  \7$aCzech literature$2ELB-n
=655  \4$adoslovy
=773  0\$tEseje$gS. 197-219$q1996<197$91996
=787  08$aBřezina, Otokar$tEseje$nUspořádal a přeložil Petr Holman$dOlomouc : Votobia, 1996$k(Velká řada / Votobia)$h273 s.$z80-7198-049-8$4soubor esejů
=910  \\$aABB060
=964  \\$a03.07.02
=964  \\$a05
=964  \\$aB80
=995  \\$aČeská Literární Bibliografie
=FMT  AN
=OWN  \\$aUCLA
=SIF  \\$ass
=ZAR  \\$s276 s.$hsoubor esejů
=ZAZ  \\$d1996$s1996$l197

