=LDR  01528naa a22004214a 4500
=001  001558040
=003  CZ\PrUCL
=005  20200430230443.0
=008  170104s1996\\\\xr\\\\\\\\\\\\|||\||cze\d
=035  \\$a(ISIS-B80-ID)B9045718
=035  \\$a(ISIS-B80-MFN)94041
=040  \\$aABB060$bcze
=072  \7$a821.162.3.09$xČeská literatura (o ní)$2Konspekt$911
=245  00$aMilan Tomeš :$b(* 8. 7. 1971, Praha).
=380  \\$iMajor genre$aSecondary literature$leng
=500  \\$aNepodepsáno.
=520  2\$aBiografická poznámka o M. Tomšovi u jeho básnické sbírky, otištěné jako příloha časopisu Tvar 7, 1996, č. 7, 28. 3.
=524  \\$aMilan Tomeš : (* 8. 7. 1971, Praha). In: Tomeš, Milan: Jedovaté byliny. Praha : Tvar, 1996, s. 2.
=600  17$aTomeš, Milan$d(1971- )$7jo2002158092$2czenas$1http://viaf.org/viaf/84144385
=648  \7$a1991-2000$7ch460587$2czenas
=650  07$ačeská poezie$7ph150471$2czenas
=650  07$ačeští spisovatelé$7ph128175$2czenas
=650  \7$aCzech literature$2ELB-n
=650  \7$aPoetry$2ELB-g
=655  \4$abiografické poznámky
=773  0\$tJedovaté byliny$gS. 2$91996
=787  08$aTomeš, Milan$tJedovaté byliny$dPraha : Tvar, 1996$k(Edice Tvary ; sv. 7)$h32 s.$4sbírka básní
=787  08$tTvar$4časopis
=910  \\$aABB060
=964  \\$a03.15.01
=964  \\$a05
=964  \\$aB80
=995  \\$aČeská Literární Bibliografie
=FMT  AN
=OWN  \\$aUCLA
=SIF  \\$agd
=ZAR  \\$s32 s.$hsbírka básní
=ZAZ  \\$d1996$s1996$l2

