=LDR  01487naa a22004094a 4500
=001  001558352
=003  CZ\PrUCL
=005  20200417172431.0
=008  161214s1996\\\\xr\\\\\\\\\\\\|||\||cze\d
=035  \\$a(ISIS-B80-ID)B9047012
=035  \\$a(ISIS-B80-MFN)94353
=040  \\$aABB060$bcze
=072  \7$a821.162.3.09$xČeská literatura (o ní)$2Konspekt$911
=100  1\$aSalichov, Arif$d(1951-2018)$7jn19990007316$4aut$1http://viaf.org/viaf/83994185
=245  10$aCesty a návraty Vladimíra Kříže /$cArif Salichov.
=380  \\$iMajor genre$aLiterature$leng
=381  \\$iMajor genre$aOther$leng
=520  2\$aPředmluva.
=524  \\$aSALICHOV, Arif: Cesty a návraty Vladimíra Kříže. In: Kříž, Vladimír: Milostné návraty. Jihlava : Astera, 1995, s. I-III.
=600  17$aKříž, Vladimír$d(1948- )$7jk01070172$2czenas$1http://viaf.org/viaf/85707987
=648  \7$a1991-2000$7ch460587$2czenas
=650  07$ačeská poezie$7ph150471$2czenas
=650  \7$aCzech literature$2ELB-n
=650  \7$aPoetry$2ELB-g
=655  \7$apředmluvy$7fd202214$2czenas
=773  0\$tMilostné návraty$gS. I-III$91996
=787  08$aKříž, Vladimír$tMilostné návraty$dJihlava : Astera, 1995$h[IV], 58 s.$z80-901312-6-3$4sbírka básní
=910  \\$aABB060
=964  \\$a03.15.01
=964  \\$a05
=964  \\$aB80
=995  \\$aČeská Literární Bibliografie
=FMT  AN
=OWN  \\$aUCLA
=SIF  \\$ass
=ZAR  \\$s[IV], 58 s.$hsbírka básní
=ZAZ  \\$d1996

