=LDR  01874naa a22004694a 4500
=001  001558353
=003  CZ\PrUCL
=005  20200525213932.0
=008  170104s1995\\\\xr\\\\\\\\\\\\|||\||cze\d
=035  \\$a(ISIS-B80-ID)B9047013
=035  \\$a(ISIS-B80-MFN)94354
=040  \\$aABB060$bcze
=072  \7$a821.162.3.09$xČeská literatura (o ní)$2Konspekt$911
=100  1\$aRezek, Petr
=245  10$aJedna zapomenutá analýza /$cPetr Rezek.
=380  \\$iMajor genre$aSecondary literature$leng
=520  2\$aDoslov, podle autorových slov s použitím studie K. Proška; s poznámkou nakladatele A. Lederera (s. 279).
=524  \\$aREZEK, Petr - LEDERER, Aleš: Jedna zapomenutá analýza. In: Němcová, Božena: Babička. Ilustrace Martin Velíšek. Praha : Prostor, 1995, s. 273-278.
=600  14$aProšek, K.
=600  17$aNěmcová, Božena$d(1820-1862)$7jk01083016$2czenas$1http://viaf.org/viaf/56763450
=600  17$aVelíšek, Martin$d(1968- )$7jo20010086978$2czenas$1http://viaf.org/viaf/84126934
=648  \7$a1851-1900$7ch460575$2czenas
=650  07$ailustrace$7ph114755$2czenas
=650  07$aknižní kultura$7ph114932$2czenas
=650  07$ačeská próza$7ph116861$2czenas
=650  \7$aCzech literature$2ELB-n
=655  \4$adoslovy
=655  \4$aediční poznámky
=700  1\$aLederer, Aleš$d(1953- )$4aut$7jo20000075464$1http://viaf.org/viaf/228055358
=773  0\$tBabička$gS. 273-278$91995
=787  08$aNěmcová, Božena$tBabička : obrazy z venkovského života$nIlustrace Martin Velíšek$dPraha : Prostor, 1995$k(Edice Klasiků ; sv. 1)$h279 s.$z80-85190-38-9$4próza
=910  \\$aABB060
=964  \\$a02.09.02
=964  \\$a03.04.02
=964  \\$a05
=964  \\$aB80
=995  \\$aČeská Literární Bibliografie
=FMT  AN
=OWN  \\$aUCLA
=SIF  \\$ass
=ZAR  \\$s280 s.$hpróza
=ZAZ  \\$d1995$s1995$l273

