=LDR  01572naa a22004214a 4500
=001  001558354
=003  CZ\PrUCL
=005  20210309112759.0
=008  100322s1994\\\\xr\\\\\\\\\\\\|||\||cze\d
=035  \\$a(ISIS-B80-ID)B9047014
=035  \\$a(ISIS-B80-MFN)94355
=040  \\$aABB060$bcze
=080  \\$a(01)$2MRF
=245  00$aAbecední rejstřík písní s datací vzniku a s diskografií.
=380  \\$iMajor genre$aSecondary literature$leng
=500  \\$aNepodepsáno.
=520  2\$aTéž s abecedním rejstříkem začátků písní (s. 159-162).
=524  \\$aAbecední rejstřík písní s datací vzniku a s diskografií. In: Nohavica, Jaromír: Písně Jaromíra Nohavici od A do Ž. Brno : Petr Rímský : HITBOX, 1994, s. 163-166.
=600  17$aNohavica, Jaromír$d(1953- )$7jn19990209588$2czenas$1http://viaf.org/viaf/83999293
=650  07$apísničkáři$7ph124874$2czenas
=650  07$apísňové texty$7ph124876$2czenas
=650  \7$aSong$2ELB-g
=655  \7$abibliografie$7fd131898$2czenas
=773  0\$tPísně Jaromíra Nohavici od A do Ž$gS. 163-166$q1994<163$91994
=787  08$aNohavica, Jaromír$tPísně Jaromíra Nohavici od A do Ž$h168 s.$dBrno : Petr Rímský : HITBOX, 1994$4soubor písní (textů i not)
=910  \\$aABB060
=964  \\$a02.06
=964  \\$a03.13.01
=964  \\$a03.14.01
=964  \\$a03.15.01
=964  \\$a05
=964  \\$aB80
=995  \\$aČeská Literární Bibliografie
=FMT  AN
=OWN  \\$aUCLA
=SIF  \\$ass
=ZAR  \\$s168 s.$hsoubor písní (textů i not)
=ZAZ  \\$d1994$s1994$l163

