=LDR  01429naa a22003734a 4500
=001  001558356
=003  CZ\PrUCL
=005  20200408171026.0
=008  170104s1996\\\\xr\\\\\\\\\\\\|||\||cze\d
=035  \\$a(ISIS-B80-ID)B9047016
=035  \\$a(ISIS-B80-MFN)94357
=040  \\$aABB060$bcze
=072  \7$a821.162.3.09$xČeská literatura (o ní)$2Konspekt$911
=100  1\$aBílek, Petr A$d(1962- )$7jn19981000425$1http://viaf.org/viaf/29593537
=245  10$aSměšné známosti podle Linharta /$cPetr A. Bílek.
=380  \\$iMajor genre$aSecondary literature$leng
=520  2\$aDoslov.
=524  \\$aBÍLEK, Petr A.: Směšné známosti podle Linharta. In: Linhart, Ota: Mě nesmíš nikdy prosit. Praha : Akropolis, 1996, s. 119-122.
=600  17$aLinhart, Oto$d(1958- )$7jn19990009916$2czenas$1http://viaf.org/viaf/36097071
=648  \7$a1991-2000$7ch460587$2czenas
=650  07$ačeská próza$7ph116861$2czenas
=650  \7$aCzech literature$2ELB-n
=655  \4$adoslovy
=773  0\$tMě nesmíš nikdy prosit$gS. 119-122$q1996<119$91996
=787  08$aLinhart, Ota$tMě nesmíš nikdy prosit : osm variací na rytmus, drogy a lásku$b1. vydání$dPraha : Akropolis, 1996$h122 s.$z80-85770-32-6$4soubor povídek
=910  \\$aABB060
=964  \\$a03.15.02
=964  \\$a05
=964  \\$aB80
=995  \\$aČeská Literární Bibliografie
=FMT  AN
=OWN  \\$aUCLA
=SIF  \\$ass
=ZAZ  \\$d1996$s1996$l119

