=LDR  01813naa a22004574a 4500
=001  001558357
=003  CZ\PrUCL
=005  20200409175612.0
=008  141211s1996\\\\xr\\\\\\\\\\\\|||\||cze\d
=035  \\$a(ISIS-B80-ID)B9047017
=035  \\$a(ISIS-B80-MFN)94358
=040  \\$aABB060$bcze
=072  \7$a821.162.3.09$xČeská literatura (o ní)$2Konspekt$911
=100  1\$aJustl, Vladimír$d(1928-2010)$7jk01052278$4aut$1http://viaf.org/viaf/23360932
=245  10$aBáseň jako příběh /$cVladimír Justl.
=380  \\$iMajor genre$aSecondary literature$leng
=520  2\$aDoslov; s vydavatelskou poznámkou V. Justla (s. 150).
=524  \\$aJUSTL, Vladimír: Báseň jako příběh. In: Holan, Vladimír: Testamenty. Ed. Vladimír Justl. Praha : Mladá fronta, 1996, s. 131-147.
=600  17$aHolan, Vladimír$d(1905-1980)$7jk01041653$2czenas$1http://viaf.org/viaf/12227
=600  17$aJustl, Vladimír$d(1928-2010)$7jk01052278$2czenas$1http://viaf.org/viaf/23360932
=648  \7$a1941-1950$7ch460582$2czenas
=648  \7$a1961-1970$7ch460584$2czenas
=650  07$ačeská poezie$7ph150471$2czenas
=650  07$ačeští spisovatelé$7ph128175$2czenas
=650  \7$aCzech literature$2ELB-n
=650  \7$aPoetry$2ELB-g
=655  \4$adoslovy
=655  \4$aediční poznámky
=773  0\$tTestamenty$gS. 131-147$q1996<131$91996
=787  08$aHolan, Vladimír$tTestamenty$nEd. Vladimír Justl$b1. vydání v tomto souboru$dPraha : Mladá fronta, 1996$k(Květy poezie ; sv. 194)$h150 s.$z80-204-0570-4$4soubor básnických skladeb
=910  \\$aABB060
=964  \\$a03.10.01
=964  \\$a03.12.01
=964  \\$a05
=964  \\$aB80
=995  \\$aČeská Literární Bibliografie
=FMT  AN
=OWN  \\$aUCLA
=SIF  \\$ass
=ZAR  \\$s152 s.$hdvě básně
=ZAZ  \\$d1996$s1996$l131

