=LDR  01438naa a22004094a 4500
=001  001558358
=003  CZ\PrUCL
=005  20200418005928.0
=008  170104s1996\\\\xr\\\\\\\\\\\\|||\||cze\d
=035  \\$a(ISIS-B80-ID)B9047018
=035  \\$a(ISIS-B80-MFN)94359
=040  \\$aABB060$bcze
=072  \7$a821.162.3.09$xČeská literatura (o ní)$2Konspekt$911
=245  00$aEduard Světlík.
=380  \\$iMajor genre$aSecondary literature$leng
=500  \\$aNepodepsáno.
=520  2\$aBiograficko-bibliografická poznámka o autorovi.
=524  \\$aEduard Světlík. In: Světlík, Eduard: Sever proti Jihu. Praha : Marsyas, 1996, s. 78.
=600  17$aSvětlík, Eduard$d(1931- )$7jk01121897$2czenas$1http://viaf.org/viaf/29152586
=648  \7$a1991-2000$7ch460587$2czenas
=650  07$ačeská poezie$7ph150471$2czenas
=650  07$ačeští spisovatelé$7ph128175$2czenas
=650  \7$aCzech literature$2ELB-n
=650  \7$aPoetry$2ELB-g
=655  \4$abio-bibliografické poznámky
=773  0\$tSever proti Jihu$gS. 78$q1996<78$91996
=787  08$aSvětlík, Eduard$tSever proti Jihu : erotický cestopis$b1. vydání$dPraha : Marsyas, 1996$h77 s.$z80-901606-8-9$4sbírka básní
=910  \\$aABB060
=964  \\$a03.15.01
=964  \\$a05
=964  \\$aB80
=995  \\$aČeská Literární Bibliografie
=FMT  AN
=OWN  \\$aUCLA
=SIF  \\$ass
=ZAR  \\$s80 s.$hsbírka básní
=ZAZ  \\$d1996$s1996$l78

