=LDR  01910naa a22004574a 4500
=001  001558359
=003  CZ\PrUCL
=005  20200415202034.0
=008  170104s1996\\\\xr\\\\\\\\\\\\|||\||cze\d
=035  \\$a(ISIS-B80-ID)B9047019
=035  \\$a(ISIS-B80-MFN)94360
=040  \\$aABB060$bcze
=072  \7$a821.162.3.09$xČeská literatura (o ní)$2Konspekt$911
=100  1\$aMikeš, Petr$d(1948-2016)$7jn19990218068$4aut$1http://viaf.org/viaf/69085178
=245  10$aEdiční poznámka /$cPetr Mikeš.
=380  \\$iMajor genre$aSecondary literature$leng
=520  2\$aEdiční poznámka, zejména o edici Atlantis v nakladatelství Jana V. Pojera.
=524  \\$aMIKEŠ, Petr: Ediční poznámka. In: Barbey d'Aurevilly, Jules: Listy Trebutienovi. Přeložil Bohuslav Reynek. Olomouc : Votobia, 1996, s. 123-124.
=600  17$aBarbey d'Aurevilly, Jules$d(1808-1889)$7jn19990000437$2czenas$1http://viaf.org/viaf/49221211
=600  17$aPojer, J. V$d(1900-1984)$7jo20000079403$2czenas$1http://viaf.org/viaf/261134142
=600  17$aReynek, Bohuslav$d(1892-1971)$7jk01102385$2czenas$1http://viaf.org/viaf/44443053
=610  24$aAtlantis
=650  07$afrancouzská literatura$7ph120363$2czenas
=650  07$anakladatelství a vydavatelství$7ph115417$2czenas
=650  07$apřekladatelství$7ph124891$2czenas
=650  \7$aFrench literature$2ELB-n
=655  \4$aediční poznámky
=773  0\$tListy Trebutienovi$gS. 123-124$q1996<123$91996
=787  08$aBarbey d'Aurevilly, Jules$tListy Trebutienovi$nPřeložil Bohuslav Reynek$dOlomouc : Votobia, 1996$k(Malá díla ; sv. 48)$h124 s.$z80-7198-052-8$4soubor listů
=910  \\$aABB060
=964  \\$a02.08
=964  \\$a02.09.01
=964  \\$a04.07
=964  \\$a05
=964  \\$aB80
=995  \\$aČeská Literární Bibliografie
=FMT  AN
=OWN  \\$aUCLA
=SIF  \\$ass
=ZAR  \\$s125 s.$hsoubor listů
=ZAZ  \\$d1996$s1996$l123

