=LDR  01533naa a22004214a 4500
=001  001558436
=003  CZ\PrUCL
=005  20200504190431.0
=008  170104s1996\\\\xr\\\\\\\\\\\\|||\||cze\d
=035  \\$a(ISIS-B80-ID)B9047096
=035  \\$a(ISIS-B80-MFN)94437
=040  \\$aABB060$bcze
=072  \7$a821.162.3.09$xČeská literatura (o ní)$2Konspekt$911
=100  1\$aVacík, Miloš$d(1922-1999)$7jk01140999$4aut$1http://viaf.org/viaf/44366508
=245  10$aEdiční poznámka /$cMiloš Vacík.
=380  \\$iMajor genre$aSecondary literature$leng
=520  2\$aAutorská poznámka k výboru básní z let 1943-1995.
=524  \\$aVACÍK, Miloš: Ediční poznámka. In: Vacík, Miloš: Ty jsi ten sad. Praha : Trizonia, 1996, s. 46.
=600  17$aVacík, Miloš$d(1922-1999)$7jk01140999$2czenas$1http://viaf.org/viaf/44366508
=648  \7$a1941-1950$7ch460582$2czenas
=648  \7$a1951-2000$7ch460577$2czenas
=650  07$ačeská poezie$7ph150471$2czenas
=650  \7$aCzech literature$2ELB-n
=650  \7$aPoetry$2ELB-g
=655  \4$aediční poznámky
=773  0\$tTy jsi ten sad$gS. 46$91996
=787  08$aVacík, Miloš$tTy jsi ten sad : výběr milostné poezie$b1. vydání$dPraha : Trizonia, 1996$h47 s.$z80-85573-68-7$4výbor z básní
=910  \\$aABB060
=964  \\$a03.10.01
=964  \\$a03.16.01
=964  \\$a05
=964  \\$aB80
=995  \\$aČeská Literární Bibliografie
=FMT  AN
=OWN  \\$aUCLA
=SIF  \\$ass
=ZAR  \\$s48 s.$hvýbor z básní
=ZAZ  \\$d1996$s1996$l46

