=LDR  01748naa a22004574a 4500
=001  001558437
=003  CZ\PrUCL
=005  20200417184822.0
=008  170104s1996\\\\xr\\\\\\\\\\\\|||\||cze\d
=035  \\$a(ISIS-B80-ID)B9047097
=035  \\$a(ISIS-B80-MFN)94438
=040  \\$aABB060$bcze
=072  \7$a821.162.3.09$xČeská literatura (o ní)$2Konspekt$911
=080  \\$a(083.8)$2MRF
=245  00$a[Čeněk Pražák, malíř, grafik, ilustrátor a esejista...].
=380  \\$iMajor genre$aSecondary literature$leng
=500  \\$aNepodepsáno.
=520  2\$aBiografická poznámka o autorovi; kniha obsahuje též soupis výstav, cen a uměleckých aktivit Č. Pražáka.
=524  \\$a[Čeněk Pražák, malíř, grafik, ilustrátor a esejista...]. In: Pražák, Čeněk: Zmizení hradu Karlštejna. Praha : Primus, 1996, zadní strana obálky.
=600  17$aPražák, Čeněk$d(1914-1996)$7jn19990209685$2czenas$1http://viaf.org/viaf/62351905
=648  \7$a1991-2000$7ch460587$2czenas
=650  07$aosobnosti$7ph115615$2czenas
=650  07$avýtvarné umění$7ph116708$2czenas
=650  07$ačeská próza$7ph116861$2czenas
=650  \7$aCzech literature$2ELB-n
=655  \4$abiografické poznámky
=655  \7$asoupisy$7fd133560$2czenas
=773  0\$tZmizení hradu Karlštejna$gZadní strana obálky$91996
=787  08$aPražák, Čeněk$tZmizení hradu Karlštejna : detektivní pohádky$dPraha : Primus, 1996$h195 s.$z80-85625-65-2$4soubor próz
=910  \\$aABB060
=964  \\$a02.06
=964  \\$a02.12.01
=964  \\$a03.15.02
=964  \\$a05
=964  \\$aB80
=995  \\$aČeská Literární Bibliografie
=FMT  AN
=OWN  \\$aUCLA
=SIF  \\$ass
=ZAR  \\$s196 s.$hsoubor próz
=ZAZ  \\$d1996

