=LDR  01445naa a22003974a 4500
=001  001558438
=003  CZ\PrUCL
=005  20200410003511.0
=008  170104s1996\\\\xr\\\\\\\\\\\\|||\||cze\d
=035  \\$a(ISIS-B80-ID)B9047098
=035  \\$a(ISIS-B80-MFN)94439
=040  \\$aABB060$bcze
=072  \7$a821.162.3.09$xČeská literatura (o ní)$2Konspekt$911
=100  1\$aKomárková, Květoslava$7jx20040413034$4aut$1http://viaf.org/viaf/102393697
=245  10$aEdiční poznámka /$cKvětoslava Komárková.
=380  \\$iMajor genre$aSecondary literature$leng
=520  2\$aEdiční poznámka.
=524  \\$aKOMÁRKOVÁ, Květoslava: Ediční poznámka. In: Durych, Jaroslav: Obrazy. Olomouc : Votobia, 1996, s. 154.
=600  17$aDurych, Jaroslav$d(1886-1962)$7jk01023358$2czenas$1http://viaf.org/viaf/66496121
=648  \7$a1921-1930$7ch460580$2czenas
=650  07$aosobnosti$7ph115615$2czenas
=650  07$ačeská próza$7ph116861$2czenas
=650  \7$aCzech literature$2ELB-n
=655  \4$aediční poznámky
=773  0\$tObrazy$gS. 154$q1996<154$91996
=787  08$aDurych, Jaroslav$tObrazy$dOlomouc : Votobia, 1996$k(Malá díla ; sv. 50)$h159 s.$z80-7198-054-4$4soubor povídek
=910  \\$aABB060
=964  \\$a03.08.02
=964  \\$a05
=964  \\$aB80
=995  \\$aČeská Literární Bibliografie
=FMT  AN
=OWN  \\$aUCLA
=SIF  \\$ass
=ZAR  \\$s157 s.$hsoubor povídek
=ZAZ  \\$d1996$s1996$l154

