=LDR  01752naa a22004214a 4500
=001  001558439
=003  CZ\PrUCL
=005  20200408225916.0
=008  170104s1996\\\\xr\\\\\\\\\\\\|||\||cze\d
=035  \\$a(ISIS-B80-ID)B9047099
=035  \\$a(ISIS-B80-MFN)94440
=040  \\$aABB060$bcze
=072  \7$a821.162.3.09$xČeská literatura (o ní)$2Konspekt$911
=100  1\$aChudožilov, Petr$d(1943- )$7jk01050390$4aut$1http://viaf.org/viaf/188853935
=245  10$aPředmluva k třetímu vydání /$cPetr Chudožilov.
=380  \\$iMajor genre$aLiterature$leng
=381  \\$iMajor genre$aOther$leng
=520  2\$aPředmluva; též s autorskou předmluvou k prvnímu vydání, datovanou rokem 1967.
=524  \\$aCHUDOŽILOV, Petr: Předmluva k třetímu vydání. In: Chudožilov, Petr: Kapři v kvetoucích trnkách po třiceti letech. Praha ; Litomyšl : Paseka, 1996, s. 8-9.
=600  17$aChudožilov, Petr$d(1943- )$7jk01050390$2czenas$1http://viaf.org/viaf/188853935
=648  \7$a1961-1970$7ch460584$2czenas
=648  \7$a1991-2000$7ch460587$2czenas
=650  07$ačeská próza$7ph116861$2czenas
=650  \7$aCzech literature$2ELB-n
=655  \7$apředmluvy$7fd202214$2czenas
=773  0\$tKapři v kvetoucích trnkách po třiceti letech$gS. 8-9$q1996<8$91996
=787  08$aChudožilov, Petr$tKapři v kvetoucích trnkách po třiceti letech$b3. vydání s dodatky$dPraha ; Litomyšl : Paseka, 1996$k(Česká kniha ; sv. 2)$h147 s.$z80-7185-048-9$4soubor povídek
=910  \\$aABB060
=964  \\$a03.12.02
=964  \\$a03.15.02
=964  \\$a05
=964  \\$aB80
=995  \\$aČeská Literární Bibliografie
=FMT  AN
=OWN  \\$aUCLA
=SIF  \\$ass
=ZAR  \\$s151 s.$hsoubor povídek
=ZAZ  \\$d1996$s1996$l8

