=LDR  01537naa a22004094a 4500
=001  001558440
=003  CZ\PrUCL
=005  20200408225936.0
=008  170104s1996\\\\xr\\\\\\\\\\\\|||\||cze\d
=035  \\$a(ISIS-B80-ID)B9047100
=035  \\$a(ISIS-B80-MFN)94441
=040  \\$aABB060$bcze
=072  \7$a821.162.3.09$xČeská literatura (o ní)$2Konspekt$911
=080  \\$a(046)$2MRF
=245  00$aÚvodem.
=380  \\$iMajor genre$aSecondary literature$leng
=500  \\$aNepodepsáno.
=520  2\$aÚvod k výboru z textů vysílaných v letech 1993-1995 rozhlasovou stanicí Hlas Ameriky v relaci Sobotní chvilka s Petrem Chudožilovem.
=524  \\$aÚvodem. In: Chudožilov, Petr: Boj o fusekli. Praha ; Litomyšl : Paseka, 1996, s. 7.
=600  17$aChudožilov, Petr$d(1943- )$7jk01050390$2czenas$1http://viaf.org/viaf/188853935
=610  27$aVoice of America (organizace)$7ko2015859705$2czenas
=648  \7$a1991-2000$7ch460587$2czenas
=650  07$arozhlasové pořady$7ph125251$2czenas
=650  07$ačeská próza$7ph116861$2czenas
=650  \7$aCzech literature$2ELB-n
=655  \4$aúvody
=773  0\$tBoj o fusekli$gS. 7$q1996<7$91996
=787  08$aChudožilov, Petr$tBoj o fusekli : 1993-1995$b1. vydání$dPraha ; Litomyšl : Paseka, 1996$k(Česká kniha ; sv. 3)$h301 s.$z80-7185-049-7$4výbor textů
=910  \\$aABB060
=964  \\$a03.15.02
=964  \\$a05
=964  \\$aB80
=995  \\$aČeská Literární Bibliografie
=FMT  AN
=OWN  \\$aUCLA
=SIF  \\$ass
=ZAZ  \\$d1996$s1996$l7

