=LDR  01751naa a22004454a 4500
=001  001558441
=003  CZ\PrUCL
=005  20200416194132.0
=008  170104s1996\\\\xr\\\\\\\\\\\\|||\||cze\d
=035  \\$a(ISIS-B80-ID)B9047101
=035  \\$a(ISIS-B80-MFN)94442
=040  \\$aABB060$bcze
=072  \7$a821.162.3.09$xČeská literatura (o ní)$2Konspekt$911
=100  1\$aPicková, Miroslava$4aut
=245  10$aDagmar Ledečová (*1925) /$cMiroslava Picková.
=380  \\$iMajor genre$aSecondary literature$leng
=520  2\$aBio-bibliografická poznámka o autorce; s Předmluvou S. Pavlasové (přední záložka).
=524  \\$aPICKOVÁ, Miroslava - PAVLASOVÁ, Sylva: Dagmar Ledečová (*1925). In: Ledečová, Dagmar: Hatšepsovet. Praha : Sedistra, 1996, zadní záložka.
=600  17$aLedečová, Dagmar$d(1925- )$7jn19990209474$2czenas$1http://viaf.org/viaf/36468342
=648  \7$a1991-2000$7ch460587$2czenas
=650  07$ahistorický román$7ph119169$2czenas
=650  07$ačeská próza$7ph116861$2czenas
=650  07$ačeské spisovatelky$7ph128153$2czenas
=650  \7$aHistorical fiction$2ELB-g
=650  \7$aCzech literature$2ELB-n
=651  \7$aEgypt$7ge129127$2czenas
=655  \4$abio-bibliografické poznámky
=700  1\$aPavlasová, Sylva$4aut$7xx0178864$1http://viaf.org/viaf/165990459
=773  0\$tHatšepsovet$gZadní záložka$91996
=787  08$aLedečová, Dagmar$tHatšepsovet : příběh egyptské vladařky$b1. vydání$dPraha : Sedistra, 1996$h173 s.$z80-901770-9-3$4román
=910  \\$aABB060
=964  \\$a03.15.02
=964  \\$a05
=964  \\$aB80
=995  \\$aČeská Literární Bibliografie
=FMT  AN
=OWN  \\$aUCLA
=SIF  \\$ass
=ZAR  \\$s176 s.$hromán
=ZAZ  \\$d1996

