=LDR  02188naa a22004814a 4500
=001  001558442
=003  CZ\PrUCL
=005  20200504191930.0
=008  170104s1996\\\\xr\\\\\\\\\\\\|||\||cze\d
=035  \\$a(ISIS-B80-ID)B9047102
=035  \\$a(ISIS-B80-MFN)94443
=040  \\$aABB060$bcze
=072  \7$a821.162.3.09$xČeská literatura (o ní)$2Konspekt$911
=100  1\$aTuckerová, Veronika$7xx0109339$4aut$1http://viaf.org/viaf/3394189
=245  10$aEdiční poznámka /$cVeronika Tuckerová.
=380  \\$iMajor genre$aSecondary literature$leng
=500  \\$aZdrojová kniha byla přeložena z německého originálu "Beschreibung eines Kampfes" (New York, Schocken Books 1946, 2. vydání).
=520  2\$aEdiční poznámka k nedokončené, z pozůstalosti zrekonstruované povídce z let 1902-1903, již poprvé vydal Max Brod v roce 1936 a česky poprvé vyšla v roce 1968.
=524  \\$aTUCKEROVÁ, Veronika: Ediční poznámka. In: Kafka, Franz: Popis jednoho zápasu. Přeložil Vladimír Kafka. Olomouc : Votobia, 1996, s. 118-119.
=600  17$aBrod, Max$d(1884-1968)$7jk01013137$2czenas$1http://viaf.org/viaf/56606649
=600  17$aKafka, Franz$d(1883-1924)$7jn19990218037$2czenas$1http://viaf.org/viaf/56611857
=600  17$aKafka, Vladimír$d(1931-1970)$7jk01052518$2czenas$1http://viaf.org/viaf/5464509
=648  \4$a1901-1920$xOPRAVA UCL
=650  07$aněmecky psaná povídka$7ph123465$2czenas
=650  07$aněmecká próza$7ph123499$2czenas
=650  07$ačeská próza$7ph116861$2czenas
=650  \7$aGerman literature$2ELB-n
=650  \7$aShort story$2ELB-g
=650  \7$aCzech literature$2ELB-n
=655  \4$aediční poznámky
=773  0\$tPopis jednoho zápasu$gS. 118-119$91996
=787  08$aKafka, Franz$tPopis jednoho zápasu$nPřeložil Vladimír Kafka$b4. vydání, ve Votobii 1. vydání$dOlomouc : Votobia, 1996$k(Malá díla ; sv. 54)$h119 s.$z80-7198-064-1$4povídka
=910  \\$aABB060
=964  \\$a03.07.02
=964  \\$a04.17.02
=964  \\$a05
=964  \\$aB80
=995  \\$aČeská Literární Bibliografie
=FMT  AN
=OWN  \\$aUCLA
=SIF  \\$ass
=ZAR  \\$s121 s.$hpovídka
=ZAZ  \\$d1996$s1996$l118

