=LDR  01548naa a22004094a 4500
=001  001558443
=003  CZ\PrUCL
=005  20200418003635.0
=008  170104s1996\\\\xr\\\\\\\\\\\\|||\||cze\d
=035  \\$a(ISIS-B80-ID)B9047103
=035  \\$a(ISIS-B80-MFN)94444
=040  \\$aABB060$bcze
=072  \7$a821.162.3.09$xČeská literatura (o ní)$2Konspekt$911
=080  \\$a(047.6)$2MRF
=100  1\$aŠmahelová, Hana$d(1946- )$7xx0002411$4aut$1http://viaf.org/viaf/28710099
=245  10$aDoslov /$cHana Šmahelová.
=380  \\$iMajor genre$aSecondary literature$leng
=520  2\$aDoslov; s nepodepsanou vydavatelskou poznámku (s. 205).
=524  \\$aŠMAHELOVÁ, Hana: Doslov. In: Němcová, Božena: Pohorská vesnice. Praha : Knižní klub, 1996, s. 206-208.
=600  17$aNěmcová, Božena$d(1820-1862)$7jk01083016$2czenas$1http://viaf.org/viaf/56763450
=648  \7$a1851-1900$7ch460575$2czenas
=650  07$ačeská próza$7ph116861$2czenas
=650  \7$aCzech literature$2ELB-n
=655  \4$adoslovy
=655  \7$apoznámky$7fd133108$2czenas
=773  0\$tPohorská vesnice$gS. 206-208$q1996<206$91996
=787  08$aNěmcová, Božena$tPohorská vesnice : povídka ze života lidu venkovského$b1. vydání v Knižním klubu$dPraha : Knižní klub, 1996$h208 s.$z80-7176-232-6$4povídka
=910  \\$aABB060
=964  \\$a03.04.02
=964  \\$a05
=964  \\$aB80
=995  \\$aČeská Literární Bibliografie
=FMT  AN
=OWN  \\$aUCLA
=SIF  \\$ass
=ZAR  \\$s209 s.$hpovídka
=ZAZ  \\$d1996$s1996$l206

