=LDR  02611naa a22005054a 4500
=001  001558474
=003  CZ\PrUCL
=005  20200525164832.0
=008  161214s1995\\\\xr\\\\\\\\\\\\|||\||cze\d
=035  \\$a(ISIS-B80-ID)B9047134
=035  \\$a(ISIS-B80-MFN)94475
=040  \\$aABB060$bcze
=072  \7$a821.162.3.09$xČeská literatura (o ní)$2Konspekt$911
=080  \\$a(0:82-94)$2MRF
=100  1\$aPřibyl, Vladimír$d(1954- )$7xx0003602$4aut$1http://viaf.org/viaf/85327482
=245  10$aZlonický děkan Jan Adam Svoboda /$cVladimír Přibyl.
=380  \\$iMajor genre$aSecondary literature$leng
=380  \\$iMajor genre$aLiterature$leng
=381  \\$iMajor genre$aOther$leng
=520  2\$aMedailon o autorovi; s předmluvou M. Sládka "Na okraj Svobodova kázání o sv. Janu Nepomuckém" (s. i-iii) a ediční poznámkou (s. 25).
=524  \\$aPŘIBYL, Vladimír - SLÁDEK, Miloš: Zlonický děkan Jan Adam Svoboda. In: Svoboda, Jan Adam: Nový křížovník s červeným srdcem a nový mučedlník od prolité v srdci krve svatý Jan Nepomucký. Ed. Miloš Sládek. Kladno : Okresní úřad ; Slaný : Nadace V. V. Štecha, 1995, s. iv-vii.
=600  07$aJán Nepomucký, svätý, asi$csvatý,$d(1340-1393)$7jn20000728449$2czenas$1http://viaf.org/viaf/886145856881622920259
=600  17$aSládek, Miloš$d(1964- )$7js20030505002$2czenas$1http://viaf.org/viaf/78061477
=600  17$aSvoboda, Jan Adam, asi$d(1682-1761)$7xx0011417$2czenas$1http://viaf.org/viaf/85374427
=650  04$astarší česká literatura
=650  07$abarokní literatura$7ph118768$2czenas
=650  07$ahomiletika$7ph120791$2czenas
=650  07$akázání$7ph122077$2czenas
=650  07$ačeští spisovatelé$7ph128175$2czenas
=655  \4$aediční poznámky
=655  \7$amedailony$7fd185951$2czenas
=655  \7$apředmluvy$7fd202214$2czenas
=700  1\$aSládek, Miloš$d(1964- )$4aut$7js20030505002$1http://viaf.org/viaf/78061477
=773  0\$tNový křížovník s červeným srdcem a nový mučedlník od prolité v srdci krve svatý Jan Nepomucký$gS. iv-vii$91995
=787  08$aSvoboda, Jan Adam$tNový křížovník s červeným srdcem a nový mučedlník od prolité v srdci krve svatý Jan Nepomucký : barokní kázání zlonického děkana$nEd. Miloš Sládek$dKladno : Okresní úřad ; Slaný : Nadace V. V. Štecha, 1995$hvii s., 28 s.$4kázání
=910  \\$aABB060
=964  \\$a03.02.02
=964  \\$a05
=964  \\$aB80
=995  \\$aČeská Literární Bibliografie
=FMT  AN
=OWN  \\$aUCLA
=SIF  \\$ass
=ZAR  \\$sVII s., 28 s.$hkázání
=ZAZ  \\$d1995

