=LDR  01656naa a22004334a 4500
=001  001558475
=003  CZ\PrUCL
=005  20200519220521.0
=008  170104s1995\\\\xr\\\\\\\\\\\\|||\||cze\d
=035  \\$a(ISIS-B80-ID)B9047135
=035  \\$a(ISIS-B80-MFN)94476
=040  \\$aABB060$bcze
=072  \7$a821.162.3.09$xČeská literatura (o ní)$2Konspekt$911
=080  \\$a(046)$2MRF
=100  0\$aodpovědný redaktor$c[Mrkni na mě]$4aut$xOPRAVA UCL
=245  10$aNávod místo úvodu /$codpovědný redaktor.
=380  \\$iMajor genre$aLiterature$leng
=381  \\$iMajor genre$aOther$leng
=520  2\$aÚvod.
=524  \\$aodpovědný redaktor: Návod místo úvodu. In: Michálek, Miroslav: Mrkni na mě. Praha : Společnost nevidomých a slabozrakých ČR v redakci časopisu Zora, 1995, s. 3-4.
=600  17$aMichálek, Miroslav$d(1954- )$7jn19990209544$2czenas$1http://viaf.org/viaf/83999123
=648  \7$a1991-2000$7ch460587$2czenas
=650  07$anevidomí$7ph123276$2czenas
=650  07$ačeská poezie$7ph150471$2czenas
=650  \7$aCzech literature$2ELB-n
=650  \7$aPoetry$2ELB-g
=655  \7$apředmluvy$7fd202214$2czenas
=773  0\$tMrkni na mě$gS. 3-4$91995
=787  08$aMichálek, Miroslav$tMrkni na mě$dPraha : Společnost nevidomých a slabozrakých ČR v redakci časopisu Zora, 1995$k(Sebrané spisy Miroslava Michálka ; sv. 2)$h85 s.$z80-238-0577-0$4sbírka básní
=910  \\$aABB060
=964  \\$a03.15.01
=964  \\$a05
=964  \\$aB80
=995  \\$aČeská Literární Bibliografie
=FMT  AN
=OWN  \\$aUCLA
=SIF  \\$ass
=ZAR  \\$s96 s.$hsbírka básní
=ZAZ  \\$d1995$s1995$l3

