=LDR  01881naa a22004214a 4500
=001  001558476
=003  CZ\PrUCL
=005  20200601142645.0
=008  170104s1995\\\\xr\\\\\\\\\\\\|||\||cze\d
=035  \\$a(ISIS-B80-ID)B9047136
=035  \\$a(ISIS-B80-MFN)94477
=040  \\$aABB060$bcze
=072  \7$a821.162.3.09$xČeská literatura (o ní)$2Konspekt$911
=245  00$aMalý velký kluk Bohouš Svoboda...
=380  \\$iMajor genre$aSecondary literature$leng
=500  \\$aNepodepsáno.
=520  2\$aBiografická poznámka o autorovi; táž poznámka je též v další knize B. Svobody "Vjeršotepání (ne)smyslné" (Bohouše Svobody Sebrané spisy II) vydané stejným nakladatelem v roce 1995.
=524  \\$aMalý velký kluk Bohouš Svoboda. In: Svoboda, Bohouš: Vjerše... a pjesně. Příbram: Knihovna Jana Drdy, 1995, zadní strana obálky.
=600  17$aSvoboda, Bohouš$d(1955- )$7xx0001851$2czenas$1http://viaf.org/viaf/85317690
=648  \7$a1991-2000$7ch460587$2czenas
=650  07$ačeská poezie$7ph150471$2czenas
=650  07$ačeští spisovatelé$7ph128175$2czenas
=650  \7$aCzech literature$2ELB-n
=650  \7$aPoetry$2ELB-g
=655  \4$abiografické poznámky
=773  0\$tVjerše... a pjesně$gZadní strana obálky$91995
=787  08$aSvoboda, Bohouš$tVjerše... a pjesně$b1. vydání$dPříbram: Knihovna Jana Drdy, 1995$k(Bohouše Svobody sebrané spisy ; sv. 1)$h30 s.$z80-901979-1-4$4sbírka básní
=787  08$aSvoboda, Bohouš$tVjeršotepání (ne)smyslné$b1. vydání$dPříbram: Knihovna Jana Drdy, 1995$k(Bohouše Svobody sebrané spisy ; sv. 2)$h29 s.$z80-901979-0-6$4sbírka básní
=910  \\$aABB060
=964  \\$a03.15.01
=964  \\$a05
=964  \\$aB80
=995  \\$aČeská Literární Bibliografie
=FMT  AN
=OWN  \\$aUCLA
=SIF  \\$ass
=ZAR  \\$s32 s.$hsbírka básní
=ZAZ  \\$d1995

