=LDR  01626naa a22003734a 4500
=001  001558477
=003  CZ\PrUCL
=008  170104s1994\\\\xr\\\\\\\\\\\\|||\||cze\d
=035  \\$a(ISIS-B80-ID)B9047137
=035  \\$a(ISIS-B80-MFN)94478
=040  \\$aABB060$bcze
=100  1\$aHostovská, Olga$d(1936- )$7jk01042402$4aut$1http://viaf.org/viaf/42570778
=245  10$aEdiční poznámka /$cOlga Hostovská
=380  \\$iMajor genre$aSecondary literature$leng
=524  \\$aHOSTOVSKÁ, Olga: Ediční poznámka. In: Hostovský, Egon: Dům bez pána. Podle prvního českého vydání z r. 1937 v nakladatelství Melantrich edičně připravila Olga Hostovská. Praha : Erm, 1994, s. 221-223.
=600  17$aHostovská, Olga$d(1936- )$7jk01042402$2czenas$1http://viaf.org/viaf/42570778
=600  17$aHostovský, Egon$d(1908-1973)$7jk01042403$2czenas$1http://viaf.org/viaf/99900698
=648  \7$a1931-1940$7ch460581$2czenas
=650  07$aosobnosti$7ph115615$2czenas
=650  07$ačeská próza$7ph116861$2czenas
=650  \7$aCzech literature$2ELB-n
=655  \4$aediční poznámky$xOPRAVA UCL
=773  0\$tDům bez pána$gS. 221-223$q1994<221$91994
=787  08$aHostovský, Egon$tDům bez pána$nPodle prvního českého vydání z r. 1937 v nakladatelství Melantrich edičně připravila Olga Hostovská$k(Spisy Egona Hostovského ; sv. 3)$h227 s.$b4. vyd.$dPraha : Erm, 1994$4román
=910  \\$aABB060
=964  \\$a03.09.02
=964  \\$a05
=964  \\$aB80
=995  \\$aČeská Literární Bibliografie
=FMT  AN
=OWN  \\$aUCLA
=SIF  \\$ass
=ZAR  \\$s227 s.$hromán
=ZAZ  \\$d1994$s1994$l221

