=LDR  01616naa a22004214a 4500
=001  001558478
=003  CZ\PrUCL
=005  20200505224554.0
=008  170104s1995\\\\xr\\\\\\\\\\\\|||\||cze\d
=035  \\$a(ISIS-B80-ID)B9047138
=035  \\$a(ISIS-B80-MFN)94479
=040  \\$aABB060$bcze
=072  \7$a821.162.3.09$xČeská literatura (o ní)$2Konspekt$911
=080  \\$a(047.6)$2MRF
=100  1\$aBauer, Jan$d(1945- )$7jk01011157$4aut$1http://viaf.org/viaf/40665681
=245  10$aAutorův doslov /$cJan Bauer.
=380  \\$iMajor genre$aSecondary literature$leng
=520  2\$aAutorská ediční poznámka (sbírka obsahuje povídky z let 1967-1990); s biograficko-bibliografickou poznámkou o autorovi (s. 85, nepodepsáno).
=524  \\$aBAUER, Jan: Autorův doslov. In: Bauer, Jan: Špiónova dcera. České Budějovice : Jih, 1995, s. 83.
=600  17$aBauer, Jan$d(1945- )$7jk01011157$2czenas$1http://viaf.org/viaf/40665681
=648  \7$a1951-2000$7ch460577$2czenas
=650  07$ačeská próza$7ph116861$2czenas
=650  07$ačeští spisovatelé$7ph128175$2czenas
=650  \7$aCzech literature$2ELB-n
=655  \4$abio-bibliografické poznámky
=655  \4$aediční poznámky
=773  0\$tŠpiónova dcera$gS. 83$91995
=787  08$aBauer, Jan$tŠpiónova dcera : povídky$dČeské Budějovice : Jih, 1995$h85 s.$z80-901921-2-2$4soubor povídek
=910  \\$aABB060
=964  \\$a03.16.02
=964  \\$a05
=964  \\$aB80
=995  \\$aČeská Literární Bibliografie
=FMT  AN
=OWN  \\$aUCLA
=SIF  \\$ass
=ZAR  \\$s87 s.$hsoubor povídek
=ZAZ  \\$d1995$s1995$l83

