=LDR  01738naa a22004574a 4500
=001  001558479
=003  CZ\PrUCL
=005  20200608201646.0
=008  170104s1995\\\\xr\\\\\\\\\\\\|||\||cze\d
=035  \\$a(ISIS-B80-ID)B9047139
=035  \\$a(ISIS-B80-MFN)94480
=040  \\$aABB060$bcze
=072  \7$a821.162.3.09$xČeská literatura (o ní)$2Konspekt$911
=080  \\$a(092)$2MRF
=100  1\$aZárecká-Suchá, Jiřina$4aut
=245  10$aAutorka o sobě /$cJiřina Zárecká-Suchá.
=380  \\$iMajor genre$aSecondary literature$leng
=380  \\$iMajor genre$aLiterature$leng
=381  \\$iMajor genre$aOther$leng
=520  2\$aAutobiografická poznámka; s autorskou předmluvou (datováno Podbořany 1965).
=524  \\$aZÁRECKÁ-SUCHÁ, Jiřina: Autorka o sobě. In: Zárecká-Suchá, Jiřina: Sůl volyňské země. Praha : Sdružení Čechů z Volyně a jejich přátel, 1995, 3. s. obálky.
=600  14$aZárecká-Suchá, Jiřina
=648  \7$a1961-1970$7ch460584$2czenas
=650  07$avolynští Češi$7ph832297$2czenas
=650  07$ačeská próza$7ph116861$2czenas
=650  07$ačeské spisovatelky$7ph128153$2czenas
=650  \7$aCzech literature$2ELB-n
=655  \4$abiografické poznámky
=655  \7$apředmluvy$7fd202214$2czenas
=773  0\$tSůl volyňské země$g3. s. obálky$91995
=787  08$aZárecká-Suchá, Jiřina$tSůl volyňské země$dPraha : Sdružení Čechů z Volyně a jejich přátel, 1995$h96 s.$z80-901878-2-X$4soubor povídek
=910  \\$aABB060
=964  \\$a03.12.02
=964  \\$a05
=964  \\$aB80
=995  \\$aČeská Literární Bibliografie
=FMT  AN
=OWN  \\$aUCLA
=SIF  \\$ass
=ZAR  \\$s96 s.$hsoubor povídek
=ZAZ  \\$d1995$s1995$l3

