=LDR  01589naa a22004454a 4500
=001  001558480
=003  CZ\PrUCL
=005  20200506223304.0
=008  170104s1995\\\\xr\\\\\\\\\\\\|||\||cze\d
=035  \\$a(ISIS-B80-ID)B9047140
=035  \\$a(ISIS-B80-MFN)94481
=040  \\$aABB060$bcze
=072  \7$a821.162.3.09$xČeská literatura (o ní)$2Konspekt$911
=100  1\$aDufek, Vladimír
=245  10$aPředmluva /$cVladimír Dufek.
=380  \\$iMajor genre$aLiterature$leng
=381  \\$iMajor genre$aOther$leng
=520  2\$aPředmluva ke knize zachycující návrat volyňských Čechů do vlasti po druhé světové válce.
=524  \\$aDUFEK, Vladimír: Předmluva. In: Šimek, Václav: Volyňáci. Sokolov : Okresní muzeum, 1995, s. [2].
=600  14$aŠimek, Václav
=648  \7$a1991-2000$7ch460587$2czenas
=650  07$adějiny$7ph114390$2czenas
=650  07$akrajané$7ph832291$2czenas
=650  07$avolynští Češi$7ph832297$2czenas
=650  07$ačeská próza$7ph116861$2czenas
=650  \7$aCzech literature$2ELB-n
=655  \7$apředmluvy$7fd202214$2czenas
=773  0\$tVolyňáci$gS. [2]$91995
=787  08$aŠimek, Václav$tVolyňáci : vesele i vážně o volyňských reemigrantech$b1. vydání$dSokolov : Okresní muzeum, 1995$h172 s.$4kniha vzpomínek a dokumentů
=910  \\$aABB060
=964  \\$a02.06
=964  \\$a03.15.02
=964  \\$a05
=964  \\$aB80
=995  \\$aČeská Literární Bibliografie
=FMT  AN
=OWN  \\$aUCLA
=SIF  \\$ass
=ZAR  \\$s172 s.$hkniha vzpomínek a dokumentů
=ZAZ  \\$d1995$s1995$l2

