=LDR  01675naa a22003974a 4500
=001  001558481
=003  CZ\PrUCL
=005  20200515234230.0
=008  170104s1995\\\\xr\\\\\\\\\\\\|||\||cze\d
=035  \\$a(ISIS-B80-ID)B9047141
=035  \\$a(ISIS-B80-MFN)94482
=040  \\$aABB060$bcze
=072  \7$a821.162.3.09$xČeská literatura (o ní)$2Konspekt$911
=100  1\$aKřivánek, Vladimír$d(1951- )$7jk01070112$4aut$1http://viaf.org/viaf/39789058
=245  10$aDílo jako sugesce ztajeného smyslu /$cVladimír Křivánek.
=380  \\$iMajor genre$aSecondary literature$leng
=520  2\$aDoslov.
=524  \\$aKŘIVÁNEK, Vladimír: Dílo jako sugesce ztajeného smyslu. In: Mácha, Karel Hynek: Tím světem bloudím. Výbor provedl Miloš Pohorský. Praha : Knižní klub, 1995, s. 216-222.
=600  17$aMácha, Karel Hynek$d(1810-1836)$7jk01072915$2czenas$1http://viaf.org/viaf/95263761
=600  17$aPohorský, Miloš$d(1929-2013)$7jk01100312$2czenas$1http://viaf.org/viaf/93396785
=648  \4$a1775-1850$xOPRAVA UCL
=650  07$ačeská próza$7ph116861$2czenas
=650  \7$aCzech literature$2ELB-n
=655  \4$adoslovy
=773  0\$tTím světem bloudím$gS. 216-222$91995
=787  08$aMácha, Karel Hynek$tTím světem bloudím : výbor z díla$nVýbor provedl Miloš Pohorský$b1. vydání v této podobě$dPraha : Knižní klub, 1995$h221 s.$z80-7176-237-7$4výbor z prozaického díla
=910  \\$aABB060
=964  \\$a03.03.02
=964  \\$a05
=964  \\$aB80
=995  \\$aČeská Literární Bibliografie
=FMT  AN
=OWN  \\$aUCLA
=SIF  \\$ass
=ZAR  \\$s222 s.$hvýbor z prozaického díla
=ZAZ  \\$d1995$s1995$l216

