=LDR  01637naa a22004094a 4500
=001  001558482
=003  CZ\PrUCL
=005  20200505224107.0
=008  170104s1995\\\\xr\\\\\\\\\\\\|||\||cze\d
=035  \\$a(ISIS-B80-ID)B9047142
=035  \\$a(ISIS-B80-MFN)94483
=040  \\$aABB060$bcze
=072  \7$a821.162.3.09$xČeská literatura (o ní)$2Konspekt$911
=080  \\$a(046)$2MRF
=100  1\$aBělíková, Marie$7mzk2003169454$4aut$1http://viaf.org/viaf/84538003
=245  10$aLehké uvedení ryze teoretické, s přihlédnutím k dávné praxi aneb Jak ten čas letí... /$cMarie Bělíková.
=380  \\$iMajor genre$aLiterature$leng
=381  \\$iMajor genre$aOther$leng
=520  2\$aÚvodní slovo redaktorky obou vydání knihy.
=524  \\$aBĚLÍKOVÁ, Marie: Lehké uvedení ryze teoretické, s přihlédnutím k dávné praxi aneb Jak ten čas letí. In: Schmid, Jan: Léto bude ve čtvrtek. Praha : Primus, 1995, s. 5-6.
=600  17$aSchmid, Jan$d(1936- )$7jk01110971$2czenas$1http://viaf.org/viaf/70110808
=648  \7$a1981-1990$7ch460586$2czenas
=650  07$ačeská próza$7ph116861$2czenas
=650  \7$aCzech literature$2ELB-n
=655  \7$apředmluvy$7fd202214$2czenas
=773  0\$tLéto bude ve čtvrtek$gS. 5-6$91995
=787  08$aSchmid, Jan$tLéto bude ve čtvrtek : deník mého horšího já$b2. vydání$dPraha : Primus, 1995$h112 s.$z80-85625-64-4$4próza
=910  \\$aABB060
=964  \\$a03.14.02
=964  \\$a05
=964  \\$aB80
=995  \\$aČeská Literární Bibliografie
=FMT  AN
=OWN  \\$aUCLA
=SIF  \\$ass
=ZAR  \\$s115 s.$hpróza
=ZAZ  \\$d1995$s1995$l5

