=LDR  01679naa a22004214a 4500
=001  001558483
=003  CZ\PrUCL
=005  20200525230823.0
=008  170104s1995\\\\xr\\\\\\\\\\\\|||\||cze\d
=035  \\$a(ISIS-B80-ID)B9047143
=035  \\$a(ISIS-B80-MFN)94484
=040  \\$aABB060$bcze
=072  \7$a821.162.3.09$xČeská literatura (o ní)$2Konspekt$911
=100  1\$aSlavík, Ivan$d(1920-2002)$4aut$xOPRAVA UCL$1http://viaf.org/viaf/76392272
=245  10$aBásník Stínů a jeho příběh /$cIvan Slavík.
=380  \\$iMajor genre$aSecondary literature$leng
=520  2\$aDoslov; autor je vlastním jménem František Bíbl (jako překladatel používal též pseudonymu Jan Hart, texty z parapsychologie publikoval pod jménem L. Ling.
=524  \\$aSLAVÍK, Ivan: Básník Stínů a jeho příběh. In: Lilia, Hermor: Stíny. Praha : Krásné nakladatelství, 1995, s. 64-73.
=600  17$aBíbl, František$d(1880-1932)$7jk01012000$2czenas$1http://viaf.org/viaf/83667814
=648  \4$a1901-2000$xOPRAVA UCL
=650  07$aliterární pseudonymy$7ph122391$2czenas
=650  07$ačeská poezie$7ph150471$2czenas
=650  07$ačeští spisovatelé$7ph128175$2czenas
=650  \7$aCzech literature$2ELB-n
=650  \7$aPoetry$2ELB-g
=655  \4$adoslovy
=773  0\$tStíny$gS. 64-73$q1995<64$91995
=787  08$aLilia, Hermor$tStíny$dPraha : Krásné nakladatelství, 1995$h72 s.$z80-85958-04-X$4sbírka básní
=910  \\$aABB060
=964  \\$a03.05.01
=964  \\$a05
=964  \\$aB80
=995  \\$aČeská Literární Bibliografie
=FMT  AN
=OWN  \\$aUCLA
=SIF  \\$ass
=ZAR  \\$s76 s.$hsbírka básní
=ZAZ  \\$d1995$s1995$l64

