=LDR  01558naa a22004094a 4500
=001  001558484
=003  CZ\PrUCL
=005  20200608175129.0
=008  170104s1994\\\\xr\\\\\\\\\\\\|||\||cze\d
=035  \\$a(ISIS-B80-ID)B9047144
=035  \\$a(ISIS-B80-MFN)94485
=040  \\$aABB060$bcze
=072  \7$a821.162.3.09$xČeská literatura (o ní)$2Konspekt$911
=100  1\$aAntošová, Svatava$d(1957- )$7jn19990201008$4aut$1http://viaf.org/viaf/44715820
=245  10$aMilan Korál - znám ho z několika málo letmých setkání /$cSvatava Antošová.
=380  \\$iMajor genre$aSecondary literature$leng
=520  2\$aDoslov.
=524  \\$aANTOŠOVÁ, Svatava: Milan Korál - znám ho z několika málo letmých setkání. In: Korál, Martin: Made in Retro. Praha : Protis, 1994, přední a zadní záložka.
=600  17$aKorál, Milan$d(1956- )$7jn99240000497$2czenas$1http://viaf.org/viaf/51576460
=648  \7$a1991-2000$7ch460587$2czenas
=650  07$ačeská poezie$7ph150471$2czenas
=650  07$ačeští spisovatelé$7ph128175$2czenas
=650  \7$aCzech literature$2ELB-n
=650  \7$aPoetry$2ELB-g
=655  \4$adoslovy
=773  0\$tMade in Retro$gPřední a zadní záložka$91994
=787  08$aKorál, Martin$tMade in Retro$b1. vydání$dPraha : Protis, 1994$h52 s.$z80-901551-5-4$4sbírka básní
=910  \\$aABB060
=964  \\$a03.15.01
=964  \\$a05
=964  \\$aB80
=995  \\$aČeská Literární Bibliografie
=FMT  AN
=OWN  \\$aUCLA
=SIF  \\$ass
=ZAR  \\$s56 s.$hsbírka básní
=ZAZ  \\$d1994

