=LDR  01461naa a22003974a 4500
=001  001558485
=003  CZ\PrUCL
=005  20200511230527.0
=008  170104s1995\\\\xr\\\\\\\\\\\\|||\||cze\d
=035  \\$a(ISIS-B80-ID)B9047145
=035  \\$a(ISIS-B80-MFN)94486
=040  \\$aABB060$bcze
=072  \7$a821.162.3.09$xČeská literatura (o ní)$2Konspekt$911
=245  00$aAutorka: Věra Formánková * 14. 7. 1925 Brno.
=380  \\$iMajor genre$aSecondary literature$leng
=500  \\$aNepodepsáno.
=520  2\$aBiografická poznámka o autorce.
=524  \\$aAutorka: Věra Formánková * 14. 7. 1925 Brno. In: Formánková, Věra: Dialog s Absolutnem. Olomouc : Matice cyrilometodějská, 1995, zadní strana obálky.
=600  17$aFormánková, Věra$d(1925- )$7jn19990209192$2czenas$1http://viaf.org/viaf/83997993
=648  \7$a1991-2000$7ch460587$2czenas
=650  07$ačeská próza$7ph116861$2czenas
=650  07$ačeské spisovatelky$7ph128153$2czenas
=650  \7$aCzech literature$2ELB-n
=655  \4$abiografické poznámky
=773  0\$tDialog s Absolutnem$gZadní strana obálky$91995
=787  08$aFormánková, Věra$tDialog s Absolutnem$b1. vydání$dOlomouc : Matice cyrilometodějská, 1995$h49 s.$4próza
=910  \\$aABB060
=964  \\$a03.15.02
=964  \\$a05
=964  \\$aB80
=995  \\$aČeská Literární Bibliografie
=FMT  AN
=OWN  \\$aUCLA
=SIF  \\$ass
=ZAR  \\$s53 s.$hpróza
=ZAZ  \\$d1995

