=LDR  01762naa a22004574a 4500
=001  001558486
=003  CZ\PrUCL
=005  20200601190838.0
=008  170104s1995\\\\xr\\\\\\\\\\\\|||\||cze\d
=035  \\$a(ISIS-B80-ID)B9047146
=035  \\$a(ISIS-B80-MFN)94487
=040  \\$aABB060$bcze
=072  \7$a821.162.3.09$xČeská literatura (o ní)$2Konspekt$911
=080  \\$a(01)$2MRF
=080  \\$a(047.6)$2MRF
=100  1\$aSýs, Karel$d(1946- )$7jk01122289$4aut$1http://viaf.org/viaf/122010858
=245  10$aDaniel Strož :$bbásník bez bázně a hany /$cKarel Sýs.
=380  \\$iMajor genre$aSecondary literature$leng
=520  2\$aDoslov (s bibliografií D. Strože); s autorovými poznámkami na závěr (s. 95).
=524  \\$aSÝS, Karel: Daniel Strož : básník bez bázně a hany. In: Strož, Daniel: Pohroužení. [Říčany u Prahy] : Orego, 1995, zadní strana obálky.
=600  17$aStrož, Daniel$d(1943- )$7jk01121506$2czenas$1http://viaf.org/viaf/98242154
=648  \7$a1991-2000$7ch460587$2czenas
=650  07$ačeské drama$7ph128137$2czenas
=650  07$ačeští spisovatelé$7ph128175$2czenas
=650  \7$aCzech literature$2ELB-n
=650  \7$aDrama$2ELB-g
=655  \4$adoslovy
=655  \7$abibliografie$7fd131898$2czenas
=655  \7$apoznámky$7fd133108$2czenas
=773  0\$tPohroužení$gZadní strana obálky$91995
=787  08$aStrož, Daniel$tPohroužení : hra o revoluci v pěti obrazech s předscénami$d[Říčany u Prahy] : Orego, 1995$h95 s.$z80-901716-6-4$4divadelní hra
=910  \\$aABB060
=964  \\$a03.15.03
=964  \\$a05
=964  \\$aB80
=995  \\$aČeská Literární Bibliografie
=FMT  AN
=OWN  \\$aUCLA
=SIF  \\$ass
=ZAR  \\$s97 s.$hdivadelní hra
=ZAZ  \\$d1995

