=LDR  01927naa a22004334a 4500
=001  001558487
=003  CZ\PrUCL
=005  20200519222041.0
=008  170104s1995\\\\xr\\\\\\\\\\\\|||\||cze\d
=035  \\$a(ISIS-B80-ID)B9047147
=035  \\$a(ISIS-B80-MFN)94488
=040  \\$aABB060$bcze
=072  \7$a821.162.3.09$xČeská literatura (o ní)$2Konspekt$911
=100  1\$aNovák, Pavel Kryštof$d(1946- )$7jn20001103330$4aut$1http://viaf.org/viaf/84057187
=245  10$a[Ve statku se dvěma štíty...] /$cPavel Kryštof Novák.
=380  \\$iMajor genre$aSecondary literature$leng
=380  \\$iMajor genre$aLiterature$leng
=381  \\$iMajor genre$aOther$leng
=520  2\$aPředmluva; s ediční poznámkou (2. díl, s. 273). - Román původně vyšel jako třídílný v nakladatelství Františka Šupky v Hradci Králové bez vročení.
=524  \\$aNOVÁK, Pavel Kryštof: [Ve statku se dvěma štíty...]. In: Javořická, Vlasta: Vesnice u lesa. Ed. Pavel Kryštof Novák. Brno : Bonus A, 1995, díl 1, s. 7-8.
=600  17$aJavořická, Vlasta$d(1890-1979)$7jk01051344$2czenas$1http://viaf.org/viaf/15580162
=600  17$aNovák, Pavel Kryštof$d(1946- )$7jn20001103330$2czenas$1http://viaf.org/viaf/84057187
=648  \4$a1901-2000$xOPRAVA UCL
=650  07$ačeská próza$7ph116861$2czenas
=650  \7$aCzech literature$2ELB-n
=655  \4$aediční poznámky
=655  \7$apředmluvy$7fd202214$2czenas
=773  0\$tVesnice u lesa$gDíl 1, s. 7-8$91995
=787  08$aJavořická, Vlasta$tVesnice u lesa$nEd. Pavel Kryštof Novák$dBrno : Bonus A, 1995$k(Javořice ; sv. 9)$h2 sv. (299 s., 272 s.)$z80-85914-03-4 (díl 1)$z80-85914-04-2 (díl 2)$4román
=910  \\$aABB060
=964  \\$a03.05.02
=964  \\$a05
=964  \\$aB80
=995  \\$aČeská Literární Bibliografie
=FMT  AN
=OWN  \\$aUCLA
=SIF  \\$ass
=ZAR  \\$s302 s., 275 s.$hromán
=ZAZ  \\$d1995$s1995$l7

