=LDR  01569naa a22003854a 4500
=001  001558488
=003  CZ\PrUCL
=005  20200515212306.0
=008  170104s1995\\\\xr\\\\\\\\\\\\|||\||cze\d
=035  \\$a(ISIS-B80-ID)B9047148
=035  \\$a(ISIS-B80-MFN)94489
=040  \\$aABB060$bcze
=072  \7$a821.162.3.09$xČeská literatura (o ní)$2Konspekt$911
=100  1\$aKislingerová, Milada$d(1951- )$7mzk2005269760$4aut$1http://viaf.org/viaf/84605556
=245  10$aVlasta Pittnerová. V samém srdci Vysočiny... /$cM. Kislingerová.
=380  \\$iMajor genre$aSecondary literature$leng
=520  2\$aDoslov; s přehledem románů V. Pittnerové vydaných v nakladatelství Romance v letech 1994 a 1995, s edičním plánem na rok 1996.
=524  \\$aKISLINGEROVÁ, Milada: Vlasta Pittnerová. V samém srdci Vysočiny. In: Pittnerová, Vlasta: Mlynářova schovanka. [Polná] : Romance, [1995], s. 205-207.
=600  17$aPittnerová, Vlasta$d(1858-1926)$7jk01093291$2czenas$1http://viaf.org/viaf/36132080
=648  \4$a1901-2000$xOPRAVA UCL
=650  07$ačeská próza$7ph116861$2czenas
=650  \7$aCzech literature$2ELB-n
=655  \4$adoslovy
=773  0\$tMlynářova schovanka$gS. 205-207$9[1995]
=787  08$aPittnerová, Vlasta$tMlynářova schovanka$d[Polná] : Romance, [1995]$h208 s.$z80-85902-06-0$4román
=910  \\$aABB060
=964  \\$a03.05.02
=964  \\$a05
=964  \\$aB80
=995  \\$aČeská Literární Bibliografie
=FMT  AN
=OWN  \\$aUCLA
=SIF  \\$ass
=ZAR  \\$s208 s.$hromán
=ZAZ  \\$d1995$s1995$l205

