=LDR  02132naa a22004934a 4500
=001  001558489
=003  CZ\PrUCL
=005  20200525161411.0
=008  170104s1995\\\\xr\\\\\\\\\\\\|||\||cze\d
=035  \\$a(ISIS-B80-ID)B9047149
=035  \\$a(ISIS-B80-MFN)94490
=040  \\$aABB060$bcze
=072  \7$a821.162.3.09$xČeská literatura (o ní)$2Konspekt$911
=080  \\$a(047.6)$2MRF
=100  0\$aRed.$c[Dva Štědré večery]$4aut
=245  10$aEdiční poznámka /$cRed.
=380  \\$iMajor genre$aSecondary literature$leng
=520  2\$aRedakční ediční poznámka; s poznámkou O autorech (s. 202) zastoupených v knize (viz rozpis). - Titulní próza V. Javořické "Dva Štědré večery", pocházející z pozůstalosti, je zde publikována poprvé.
=524  \\$aRed.: Ediční poznámka. In: Dva Štědré večery. Brno : Blok, 1995, s. 201.
=600  17$aHansmann, Leopold Josef$d(1824-1863)$7jk01022500$2czenas$1http://viaf.org/viaf/83693611
=600  17$aJavořická, Vlasta$d(1890-1979)$7jk01051344$2czenas$1http://viaf.org/viaf/15580162
=600  17$aKosmák, Václav$d(1843-1898)$7jk01061959$2czenas$1http://viaf.org/viaf/3564021
=600  17$aPittnerová, Vlasta$d(1858-1926)$7jk01093291$2czenas$1http://viaf.org/viaf/36132080
=600  17$aStránecká, Františka$d(1839-1888)$7jk01121337$2czenas$1http://viaf.org/viaf/83909135
=648  \4$a1901-2000
=648  \7$a1851-1900$7ch460575$2czenas
=650  07$aliterární pozůstalost$7ph119300$2czenas
=650  07$aliterární pseudonymy$7ph122391$2czenas
=650  07$ačeská próza$7ph116861$2czenas
=650  \7$aCzech literature$2ELB-n
=655  \4$aediční poznámky
=655  \7$apoznámky$7fd133108$2czenas
=773  0\$tDva Štědré večery$gS. 201$91995
=787  08$tDva Štědré večery : venkovské povídky$b1. vydání$dBrno : Blok, 1995$h198 s.$z80-7029-115-X$4antologie
=910  \\$aABB060
=964  \\$a03.04.02
=964  \\$a03.05.02
=964  \\$aB80
=995  \\$aČeská Literární Bibliografie
=FMT  AN
=OWN  \\$aUCLA
=SIF  \\$ass
=ZAR  \\$s204 s.$hantologie
=ZAZ  \\$d1995$s1995$l201

