=LDR  02545naa a22005174a 4500
=001  001558490
=003  CZ\PrUCL
=005  20200506231502.0
=008  170104s1995\\\\xr\\\\\\\\\\\\|||\||cze\d
=035  \\$a(ISIS-B80-ID)B9047150
=035  \\$a(ISIS-B80-MFN)94491
=040  \\$aABB060$bcze
=041  0\$acze$alat
=072  \7$a821.162.3.09$xČeská literatura (o ní)$2Konspekt$911
=080  \\$a(047.6)$2MRF
=100  1\$aDaňhelka, Jiří$d(1919-1993)$7jk01022039$4aut$1http://viaf.org/viaf/27087121
=245  10$aPředmluva /$cJiří Daňhelka.
=380  \\$iMajor genre$aSecondary literature$leng
=380  \\$iMajor genre$aSecondary literature$leng
=380  \\$iMajor genre$aLiterature$leng
=381  \\$iMajor genre$aOther$leng
=520  2\$aPředmluva k souboru 26 kázání J. Husa pojatých jako literární dílo a historický dokument, jež završuje řadu kritických vydání českých spisů J. Husa; s latinskou předmluvou Praefatio (s. 5-7), ediční poznámkou (s. 27), soupisem užitých pramenů a základní literatury (s. 28-29), poznámkami k základním textovým pramenům (s. 147-160), poznámkou k různočtení (s. 161-191), vysvětlivkami (s. 193-216), přílohou (s. 217-291, s texty, u nichž je Husovo autorství sporné) a Rejstříkem citovaných a připomínaných míst (s. 293-301).
=524  \\$aDAŇHELKA, Jiří: Předmluva. In: Hus, Jan: Česká sváteční kázání. Ed. Jiří Daňhelka. Praha : Academia, 1995, s. 8-26.
=600  17$aDaňhelka, Jiří$d(1919-1993)$7jk01022039$2czenas$1http://viaf.org/viaf/27087121
=600  17$aHus, Jan$d(1369?-1415)$7jk01043287$2czenas$1http://viaf.org/viaf/165278112
=650  04$astarší česká literatura
=650  07$ahomiletika$7ph120791$2czenas
=650  07$akázání$7ph122077$2czenas
=650  07$alatinsky psaná literatura$7ph122193$2czenas
=650  \7$aLatin literature$2ELB-n
=655  \4$aediční poznámky
=655  \7$apoznámky$7fd133108$2czenas
=655  \7$apředmluvy$7fd202214$2czenas
=773  0\$tČeská sváteční kázání$gS. 8-26$91995
=787  08$aHus, Jan$tČeská sváteční kázání$nEd. Jiří Daňhelka$b1. vydání$dPraha : Academia, 1995$k(Magistri Iohannis Hus Opera omnia ; tom. 3)$h303 s.$z80-200-0376-2$4soubor kázání
=910  \\$aABB060
=964  \\$a03.02.02
=964  \\$a04.33
=964  \\$a05
=964  \\$aB80
=995  \\$aČeská Literární Bibliografie
=FMT  AN
=OWN  \\$aUCLA
=SIF  \\$ass
=ZAR  \\$s304 s.$hsoubor kázání
=ZAZ  \\$d1995$s1995$l8

