=LDR  01527naa a22004094a 4500
=001  001558491
=003  CZ\PrUCL
=005  20200602225834.0
=008  170104s1995\\\\xr\\\\\\\\\\\\|||\||cze\d
=035  \\$a(ISIS-B80-ID)B9047151
=035  \\$a(ISIS-B80-MFN)94492
=040  \\$aABB060$bcze
=072  \7$a821.162.3.09$xČeská literatura (o ní)$2Konspekt$911
=100  1\$aTrávníček, Mojmír$d(1931-2011)$7jn99240001204$4aut$1http://viaf.org/viaf/2522798
=245  10$aO díle Ivana Slavíka /$cMojmír Trávníček.
=380  \\$iMajor genre$aSecondary literature$leng
=520  2\$aDoslov; s ediční poznámkou "Ke komu" (s. 42, nepodepsáno).
=524  \\$aTRÁVNÍČEK, Mojmír: O díle Ivana Slavíka. In: Slavík, Ivan: Ke komu. Praha : Česká expedice, 1995, s. 39-41.
=600  17$aSlavík, Ivan$d(1920-2002)$7jk01111857$2czenas$1http://viaf.org/viaf/76392272
=648  \7$a1951-1960$7ch460583$2czenas
=650  07$ačeská poezie$7ph150471$2czenas
=650  \7$aCzech literature$2ELB-n
=650  \7$aPoetry$2ELB-g
=655  \4$adoslovy
=655  \4$aediční poznámky
=773  0\$tKe komu$gS. 39-41$91995
=787  08$aSlavík, Ivan$tKe komu : verše z padesátých let$dPraha : Česká expedice, 1995$k(Asyl ; sv. 2)$h41 s.$z80-85281-09-0$4sbírka básní
=910  \\$aABB060
=964  \\$a03.11.01
=964  \\$a05
=964  \\$aB80
=995  \\$aČeská Literární Bibliografie
=FMT  AN
=OWN  \\$aUCLA
=SIF  \\$ass
=ZAR  \\$s44 s.$hsbírka básní
=ZAZ  \\$d1995$s1995$l39

