=LDR  01618naa a22004334a 4500
=001  001558492
=003  CZ\PrUCL
=005  20200512000541.0
=008  170104s1995\\\\xr\\\\\\\\\\\\|||\||cze\d
=035  \\$a(ISIS-B80-ID)B9047152
=035  \\$a(ISIS-B80-MFN)94493
=040  \\$aABB060$bcze
=072  \7$a821.162.3.09$xČeská literatura (o ní)$2Konspekt$911
=080  \\$a(0:82-94)$2MRF
=100  1\$aJustl, Vladimír$d(1928-2010)$7jk01052278$4aut$1http://viaf.org/viaf/23360932
=245  10$aO autorovi /$cVladimír Justl.
=380  \\$iMajor genre$aLiterature$leng
=381  \\$iMajor genre$aOther$leng
=520  2\$aMedailon autora žijícího v Německu (nar. 1. 1. 1923 v Českých Budějovicích).
=524  \\$aJUSTL, Vladimír: O autorovi. In: Sova, Oldřich: Okov a křídla. Praha : Kvarta, 1995, s. 116-122.
=600  17$aSova, Oldřich$d(1923-2010)$7jn19990209786$2czenas$1http://viaf.org/viaf/27641306
=648  \7$a1951-2000$7ch460577$2czenas
=650  07$ačeská poezie$7ph150471$2czenas
=650  07$ačeští spisovatelé$7ph128175$2czenas
=650  \7$aCzech literature$2ELB-n
=650  \7$aPoetry$2ELB-g
=655  \7$amedailony$7fd185951$2czenas
=773  0\$tOkov a křídla$gS. 116-122$91995
=787  08$aSova, Oldřich$tOkov a křídla$b1. vydání$dPraha : Kvarta, 1995$h122 s.$z80-85570-41-6$4výbor z básnické tvorby
=910  \\$aABB060
=964  \\$a03.16.01
=964  \\$a05
=964  \\$aB80
=995  \\$aČeská Literární Bibliografie
=FMT  AN
=OWN  \\$aUCLA
=SIF  \\$ass
=ZAR  \\$s128 s.$hvýbor z básnické tvorby
=ZAZ  \\$d1995$s1995$l116

