=LDR  01425naa a22004094a 4500
=001  001558493
=003  CZ\PrUCL
=005  20180710112515.0
=008  161113s1993\\\\xr\\\\\\\\\\\\|||\||cze\d
=035  \\$a(ISIS-B80-ID)B9047153
=035  \\$a(ISIS-B80-MFN)94494
=040  \\$aABB060$bcze
=080  \\$a(046)$2MRF
=245  00$aRomán "... a vidět slunce"...
=380  \\$iMajor genre$aSecondary literature$leng
=500  \\$aNepodepsáno.
=520  2\$aÚvod; s biograficko-bibliografickou poznámkou o autorovi.
=524  \\$aRomán "... a vidět slunce". In: Čerbák, Petr: "... a vidět slunce". Chodov u Karlových Varů : Variabel, 1993, s. 5.
=600  17$aČerbák, Petr$d(1948- )$7nlk20010096081$2czenas$1http://viaf.org/viaf/2880172
=648  \7$a1991-2000$7ch460587$2czenas
=650  07$aosobnosti$7ph115615$2czenas
=650  07$ačeská próza$7ph116861$2czenas
=650  \7$aCzech literature$2ELB-n
=655  \4$abiograficko-bibliografické poznámky$xOPRAVA UCL
=655  \4$aúvody$xOPRAVA UCL
=773  0\$t"... a vidět slunce"$gS. 5$q1993<5$91993
=787  08$aČerbák, Petr$t"... a vidět slunce"$h224 s.$dChodov u Karlových Varů : Variabel, 1993$4román
=910  \\$aABB060
=964  \\$a03.15.02
=964  \\$a05
=964  \\$aB80
=995  \\$aČeská Literární Bibliografie
=FMT  AN
=OWN  \\$aUCLA
=SIF  \\$ass
=ZAR  \\$s224 s.$hromán
=ZAZ  \\$d1993$s1993$l5

