=LDR  01825naa a22004094a 4500
=001  001558494
=003  CZ\PrUCL
=005  20200511230141.0
=008  170104s1995\\\\xr\\\\\\\\\\\\|||\||cze\d
=035  \\$a(ISIS-B80-ID)B9047154
=035  \\$a(ISIS-B80-MFN)94495
=040  \\$aABB060$bcze
=072  \7$a82-93$xLiteratura pro děti a mládež (o ní)$2Konspekt$911
=100  1\$aFričová, Yvonna$d(1954- )$7jn19981001255$4aut$1http://viaf.org/viaf/41459181
=245  10$aPředmluva /$cYvonna Fričová.
=380  \\$iMajor genre$aLiterature$leng
=381  \\$iMajor genre$aOther$leng
=520  2\$aPředmluva k druhé části trilogie (její první část má název "Strýček indián").
=524  \\$aFRIČOVÁ, Yvonna: Předmluva. In: Frič, Alberto Vojtěch: Hadí ostrov. Upravila a k vydání připravila Yvonna Fričová. Praha : Titanic ; Jihlava : Madagaskar, 1995, s. 7-10.
=600  17$aFrič, Alberto Vojtěch$d(1882-1944)$7jk01031861$2czenas$1http://viaf.org/viaf/74913006
=600  17$aFričová, Yvonna$d(1954- )$7jn19981001255$2czenas$1http://viaf.org/viaf/41459181
=648  \7$a1941-1950$7ch460582$2czenas
=650  07$aliteratura pro děti a mládež$7ph138316$2czenas
=650  \7$aChildren's literature$2ELB-g
=655  \7$apředmluvy$7fd202214$2czenas
=773  0\$tHadí ostrov$gS. 7-10$91995
=787  08$aFrič, Alberto Vojtěch$tHadí ostrov$nUpravila a k vydání připravila Yvonna Fričová$b6. vydání, v nové úpravě 1. vydání$dPraha : Titanic ; Jihlava : Madagaskar, 1995$h149 s.$z80-901687-4-4$z80-85909-05-7$4kniha pro mládež
=910  \\$aABB060
=964  \\$a03.10.07
=964  \\$a05
=964  \\$aB80
=995  \\$aČeská Literární Bibliografie
=FMT  AN
=OWN  \\$aUCLA
=SIF  \\$ass
=ZAR  \\$s152 s.$hkniha pro mládež
=ZAZ  \\$d1995$s1995$l7

