=LDR  01858naa a22004094a 4500
=001  001558495
=003  CZ\PrUCL
=005  20201126143546.0
=008  170104s1994\\\\xr\\\\\\\\\\\\|||\||cze\d
=035  \\$a(ISIS-B80-ID)B9047155
=035  \\$a(ISIS-B80-MFN)94496
=040  \\$aABB060$bcze
=072  \7$a82-93$xLiteratura pro děti a mládež (o ní)$2Konspekt$911
=100  1\$aFričová, Yvonna$d(1954- )$7jn19981001255$4aut$1http://viaf.org/viaf/41459181
=245  10$aPředmluva /$cYvonna Fričová.
=380  \\$iMajor genre$aLiterature$leng
=381  \\$iMajor genre$aOther$leng
=520  2\$aPředmluva k 1. části trilogie (další části: "Hadí ostrov", "Dlouhý lovec").
=524  \\$aFRIČOVÁ, Yvonna: Předmluva. In: Frič, Alberto Vojtěch: Strýček indián. Ed. Yvonna Fričová. Praha : Titanic ; Jihlava : Madagaskar, 1994, s. 7-12.
=600  17$aFrič, Alberto Vojtěch$d(1882-1944)$7jk01031861$2czenas$1http://viaf.org/viaf/74913006
=600  17$aFričová, Yvonna$d(1954- )$7jn19981001255$2czenas$1http://viaf.org/viaf/41459181
=648  \7$a1921-1930$7ch460580$2czenas
=650  07$aliteratura pro mládež$7ph572593$2czenas
=655  \7$apředmluvy$7fd202214$2czenas
=773  0\$tStrýček indián$gS. 7-12$91994
=787  08$aFrič, Alberto Vojtěch$tDlouhý lovec$4kniha pro mládež
=787  08$aFrič, Alberto Vojtěch$tHadí ostrov$4kniha pro mládež
=787  08$aFrič, Alberto Vojtěch$tStrýček indián : bojovníkům ze stínu smrti$nEd. Yvonna Fričová$b9. vydání, v nové úpravě 1. vydání$dPraha : Titanic ; Jihlava : Madagaskar, 1994$h136 s.$z80-901687-2-8$z80-901274-8-7$4kniha pro mládež
=910  \\$aABB060
=964  \\$a03.08.07
=964  \\$a05
=964  \\$aB80
=995  \\$aČeská Literární Bibliografie
=FMT  AN
=OWN  \\$aUCLA
=SIF  \\$ass
=ZAZ  \\$d1994$s1994$l7

