=LDR  01867naa a22004454a 4500
=001  001558496
=003  CZ\PrUCL
=005  20200512164114.0
=008  170104s1995\\\\xr\\\\\\\\\\\\|||\||cze\d
=035  \\$a(ISIS-B80-ID)B9047156
=035  \\$a(ISIS-B80-MFN)94497
=040  \\$aABB060$bcze
=072  \7$a821.162.3.09$xČeská literatura (o ní)$2Konspekt$911
=100  1\$aHouser, Pavel$d(1972- )$7mzk2002160713$4aut$1http://viaf.org/viaf/7136890
=245  10$aPředmluva /$cPavel Houser.
=380  \\$iMajor genre$aSecondary literature$leng
=380  \\$iMajor genre$aLiterature$leng
=381  \\$iMajor genre$aOther$leng
=520  2\$aPředmluva; s doslovem (s. 47-50) prezentovaným jako kolektivní dílo autorových nepodepsaných přátel; texty této mystifikace (povídky z let 1988-1993 tragicky zemřelého E. Krba) údajně objevil a z asyrštiny přeložil P. Houser.
=524  \\$aHOUSER, Pavel: Předmluva. In: Krb, Ervín: Se sáňkami po Tibetu. Přeložil Pavel Houser. Praha : Gryf, 1995, s. 5.
=600  17$aHouser, Pavel$d(1972- )$7mzk2002160713$2czenas$1http://viaf.org/viaf/7136890
=600  17$aKrb, Ervín$7jo2014844938$2czenas$1http://viaf.org/viaf/311481768
=648  \7$a1991-2000$7ch460587$2czenas
=650  07$amystifikace$7ph123077$2czenas
=650  07$ačeská próza$7ph116861$2czenas
=650  \7$aCzech literature$2ELB-n
=655  \4$adoslovy
=655  \7$apředmluvy$7fd202214$2czenas
=773  0\$tSe sáňkami po Tibetu$gS. 5$91995
=787  08$aKrb, Ervín$tSe sáňkami po Tibetu$nPřeložil Pavel Houser$b2. vydání$dPraha : Gryf, 1995$k(Krypton)$h50 s.$4soubor textů
=910  \\$aABB060
=964  \\$a03.15.02
=964  \\$a05
=964  \\$aB80
=995  \\$aČeská Literární Bibliografie
=FMT  AN
=OWN  \\$aUCLA
=SIF  \\$ass
=ZAR  \\$s52 s.$hsoubor textů
=ZAZ  \\$d1995$s1995$l5

