=LDR  02323naa a22004694a 4500
=001  001558497
=003  CZ\PrUCL
=005  20200525234254.0
=008  170104s1995\\\\xr\\\\\\\\\\\\|||\||cze\d
=035  \\$a(ISIS-B80-ID)B9047157
=035  \\$a(ISIS-B80-MFN)94498
=040  \\$aABB060$bcze
=072  \7$a821.162.3.09$xČeská literatura (o ní)$2Konspekt$911
=100  1\$aSieglová, Naděžda$d(1944- )$7jk01111280$4aut$1http://viaf.org/viaf/42252207
=245  10$aDoslov /$cNaděžda Sieglová, Drahomíra Vlašínová.
=380  \\$iMajor genre$aSecondary literature$leng
=520  2\$aDoslov k výboru obsahujícímu 19 z 59 příspěvků třídílného souboru pohádek autorů konce minulého a začátku tohoto století, vydaného v letech 1918-1920 pod názvem "Nůše pohádek" (Praha, Pražská akciová tiskárna; inicioval a k vydání připravil K. Čapek); s přehledem dobového ohlasu.
=524  \\$aSIEGLOVÁ, Naděžda - VLAŠÍNOVÁ, Drahomíra: Doslov. In: Z Čapkovy Nůše pohádek. Ed. Naděžda Sieglová, Drahomíra Vlašínová. Opava : Optys, 1995, s. 213-216.
=600  17$aSieglová, Naděžda$d(1944- )$7jk01111280$2czenas$1http://viaf.org/viaf/42252207
=600  17$aVlašínová, Drahomíra$d(1944- )$7jk01150076$2czenas$1http://viaf.org/viaf/17236402
=600  17$aČapek, Karel$d(1890-1938)$7jk01021023$2czenas$1http://viaf.org/viaf/34454129
=648  \4$a1901-1920$xOPRAVA UCL
=648  \7$a1851-1900$7ch460575$2czenas
=650  07$adětská literatura$7ph572587$2czenas
=650  07$apohádky$7ph124208$2czenas
=650  \7$aChildren's literature$2ELB-g
=650  \7$aFairy tale$2ELB-g
=655  \4$adoslovy
=700  1\$aVlašínová, Drahomíra$d(1944- )$4aut$7jk01150076$1http://viaf.org/viaf/17236402
=773  0\$tZ Čapkovy Nůše pohádek$gS. 213-216$91995
=787  08$tNůše pohádek$4sbírka pohádek
=787  08$tZ Čapkovy Nůše pohádek$nEd. Naděžda Sieglová, Drahomíra Vlašínová$b1. vydání výboru$dOpava : Optys, 1995$k(Kruh české literatury)$h219 s.$z80-85819-32-5$4sbírka pohádek
=910  \\$aABB060
=964  \\$a03.04.07
=964  \\$a03.07.07
=964  \\$aB80
=995  \\$aČeská Literární Bibliografie
=FMT  AN
=OWN  \\$aUCLA
=SIF  \\$ass
=ZAR  \\$s220 s.$hvýbor z pohádek
=ZAZ  \\$d1995$s1995$l213

