=LDR  01357naa a22003854a 4500
=001  001558498
=003  CZ\PrUCL
=008  170104s1994\\\\xr\\\\\\\\\\\\|||\||cze\d
=035  \\$a(ISIS-B80-ID)B9047158
=035  \\$a(ISIS-B80-MFN)94499
=040  \\$aABB060$bcze
=100  1\$aKrulichová, Marie$d(1940-2002)$7js20030908005$4aut$1http://viaf.org/viaf/20016406
=245  10$aÚvodem /$cMarie Krulichová
=380  \\$iMajor genre$aSecondary literature$leng
=520  2\$aDoslov; s autorskou poznámkou na závěr (s. 245).
=524  \\$aKRULICHOVÁ, Marie: Úvodem. In: Šmahelová, Helena: Magda. Praha : Chvojkovo nakladatelství, 1994, s. 243-244.
=600  14$aŠmahelová, Helena$xOPRAVA UCL
=648  \7$a1951-2000$7ch460577$2czenas
=650  04$ačeská literatura pro děti$xOPRAVA UCL
=650  07$aosobnosti$7ph115615$2czenas
=650  \7$aCzech literature$2ELB-n
=650  \7$aChildren's literature$2ELB-g
=655  \4$adoslovy$xOPRAVA UCL
=773  0\$tMagda$gS. 243-244$q1994<243$91994
=787  08$aŠmahelová, Helena$tMagda$h246 s.$dPraha : Chvojkovo nakladatelství, 1994$4dívčí román
=910  \\$aABB060
=964  \\$a03.16.07
=964  \\$a05
=964  \\$aB80
=995  \\$aČeská Literární Bibliografie
=FMT  AN
=OWN  \\$aUCLA
=SIF  \\$ass
=ZAR  \\$s246 s.$hdívčí román
=ZAZ  \\$d1994$s1994$l243

