=LDR  01943naa a22004694a 4500
=001  001558499
=003  CZ\PrUCL
=008  170104s1994\\\\xr\\\\\\\\\\\\|||\||cze\d
=035  \\$a(ISIS-B80-ID)B9047159
=035  \\$a(ISIS-B80-MFN)94500
=040  \\$aABB060$bcze
=080  \\$a(0:82-94)$2MRF
=100  1\$aKrulichová, Marie$d(1940-2002)$7js20030908005$4aut$1http://viaf.org/viaf/20016406
=245  10$aDoslov /$cMarie Krulichová
=380  \\$iMajor genre$aSecondary literature$leng
=380  \\$iMajor genre$aLiterature$leng
=381  \\$iMajor genre$aOther$leng
=520  2\$aMedailon autorky (1. vyd. 1897).
=524  \\$aKRULICHOVÁ, Marie: Doslov. In: Bufková-Wanklová, Karla: Z Ječmínkovy říše. Převyprávěla a ediční poznámku (s. 134) napsala Marie Krulichová. Praha : Chvojkovo nakladatelství, 1994, s. 132-133.
=600  17$aBufková-Wanklová, Karla$d(1855-1941)$7jk01020170$2czenas$1http://viaf.org/viaf/83678048
=600  17$aKrulichová, Marie$d(1940-2002)$7js20030908005$2czenas$1http://viaf.org/viaf/20016406
=648  \7$a1851-1900$7ch460575$2czenas
=650  07$aosobnosti$7ph115615$2czenas
=650  07$apověsti$7ph124458$2czenas
=650  07$ačeská próza$7ph116861$2czenas
=650  \7$aLegend$2ELB-g
=650  \7$aCzech literature$2ELB-n
=651  \4$aMorava$xOPRAVA UCL
=655  \4$adoslovy$xOPRAVA UCL
=655  \7$amedailony$7fd185951$2czenas
=773  0\$tZ Ječmínkovy říše$gS. 132-133$q1994<132$91994
=787  08$aBufková-Wanklová, Karla$tZ Ječmínkovy říše : Moravské pověsti$nPřevyprávěla a ediční poznámku (s. 134) napsala Marie Krulichová$h136 s.$dPraha : Chvojkovo nakladatelství, 1994$4soubor pověstí
=910  \\$aABB060
=964  \\$a03.04.02
=964  \\$a05
=964  \\$aB80
=995  \\$aČeská Literární Bibliografie
=FMT  AN
=OWN  \\$aUCLA
=SIF  \\$ass
=ZAR  \\$s136 s.$hsoubor pověstí
=ZAZ  \\$d1994$s1994$l132

