=LDR  01955naa a22004574a 4500
=001  001558500
=003  CZ\PrUCL
=005  20200608215025.0
=008  170104s1995\\\\xr\\\\\\\\\\\\|||\||cze\d
=035  \\$a(ISIS-B80-ID)B9047160
=035  \\$a(ISIS-B80-MFN)94501
=040  \\$aABB060$bcze
=072  \7$a82-93$xLiteratura pro děti a mládež (o ní)$2Konspekt$911
=100  1\$aVrána, Jan$d(1919-1994)$7jn19981002365$4aut$1http://viaf.org/viaf/2953356
=245  10$aJosef Lada :$bmalíř našich dětí /$cJan Vrána, D. M. Pavlíček.
=380  \\$iMajor genre$aSecondary literature$leng
=520  2\$aDoslov.
=524  \\$aVRÁNA, Jan - PAVLÍČEK, Dobroslav Milan: Josef Lada : malíř našich dětí. In: Lada, Josef: Dětem. Eds. Jan Vrána, D. M. Pavlíček. Praha : Albatros, 1995, s. 293-297.
=600  17$aLada, Josef$d(1887-1957)$7jk01071364$2czenas$1http://viaf.org/viaf/64007805
=600  17$aPavlíček, Dobroslav Milan$d(1916-1963)$7jk01092085$2czenas$1http://viaf.org/viaf/83854101
=600  17$aVrána, Jan$d(1919-1994)$7jn19981002365$2czenas$1http://viaf.org/viaf/2953356
=648  \4$a1901-2000$xOPRAVA UCL
=650  07$adětská literatura$7ph572587$2czenas
=650  07$amalíři$7ph122596$2czenas
=650  07$ačeští spisovatelé$7ph128175$2czenas
=650  \7$aChildren's literature$2ELB-g
=655  \4$adoslovy
=700  1\$aPavlíček, Dobroslav Milan$d(1916-1963)$4aut$7jk01092085$1http://viaf.org/viaf/83854101
=773  0\$tDětem$gS. 293-297$91995
=787  08$aLada, Josef$tDětem$nEds. Jan Vrána, D. M. Pavlíček$b11. vydání (6. přepracované vydání)$dPraha : Albatros, 1995$h302 s.$z80-00-00161-6$4soubor textů a kreseb
=910  \\$aABB060
=964  \\$a02.06
=964  \\$a03.05.07
=964  \\$a05
=964  \\$aB80
=995  \\$aČeská Literární Bibliografie
=FMT  AN
=OWN  \\$aUCLA
=SIF  \\$ass
=ZAR  \\$s304 s.$hsoubor textů a kreseb
=ZAZ  \\$d1995$s1995$l293

