=LDR  01814naa a22004094a 4500
=001  001558501
=003  CZ\PrUCL
=005  20200515233602.0
=008  170104s1995\\\\xr\\\\\\\\\\\\|||\||cze\d
=035  \\$a(ISIS-B80-ID)B9047161
=035  \\$a(ISIS-B80-MFN)94502
=040  \\$aABB060$bcze
=072  \7$a82-93$xLiteratura pro děti a mládež (o ní)$2Konspekt$911
=100  1\$aKubátová, Marie$d(1922-2013)$7jk01070282$4aut$1http://viaf.org/viaf/32809344
=245  10$aČtenářům knížek o Gabře a Málince /$cMarie Kubátová.
=380  \\$iMajor genre$aLiterature$leng
=381  \\$iMajor genre$aOther$leng
=520  2\$aPředmluva dcery A. Kutinové k povídkám vydaným z autorčiny rukopisné pozůstalosti.
=524  \\$aKUBÁTOVÁ, Marie: Čtenářům knížek o Gabře a Málince. In: Kutinová, Amálie: Málinčina zvířátka. K vydání připravil Zdeněk Robenek. Ostrava : Sfinga, 1995, s. 7-12.
=600  17$aKutinová, Amálie$d(1898-1965)$7jk01071111$2czenas$1http://viaf.org/viaf/31230240
=600  17$aRobenek, Zdeněk$d(1934- )$7jk01102533$2czenas$1http://viaf.org/viaf/83880710
=648  \4$a1901-2000$xOPRAVA UCL
=650  07$aliteratura pro dívky$7ph122375$2czenas
=650  07$aosobnosti$7ph115615$2czenas
=655  \7$apředmluvy$7fd202214$2czenas
=773  0\$tMálinčina zvířátka$gS. 7-12$91995
=787  08$aKutinová, Amálie$tMálinčina zvířátka : povídky z Útulku opuštěných zvířat$nK vydání připravil Zdeněk Robenek$dOstrava : Sfinga, 1995$h102 s.$z80-85491-90-7$4soubor povídek pro děti
=910  \\$aABB060
=964  \\$a03.05.07
=964  \\$a05
=964  \\$aB80
=995  \\$aČeská Literární Bibliografie
=FMT  AN
=OWN  \\$aUCLA
=SIF  \\$ass
=ZAR  \\$s104 s.$hsoubor povídek pro děti
=ZAZ  \\$d1995$s1995$l7

