=LDR  02107naa a22005174a 4500
=001  001558502
=003  CZ\PrUCL
=005  20200610174537.0
=008  170104s1994\\\\xo\\\\\\\\\\\\|||\||cze\d
=035  \\$a(ISIS-B80-ID)B9047162
=035  \\$a(ISIS-B80-MFN)94503
=040  \\$aABB060$bcze
=072  \7$a398$xFolklor. Lidové tradice$2Konspekt$91
=080  \\$a(01)$2MRF
=100  1\$aČaplovič, Dušan$d(1946- )$7jn20000601246$4aut$1http://viaf.org/viaf/32300807
=245  10$aSlovo na závěr /$cDušan Čaplovič.
=380  \\$iMajor genre$aSecondary literature$leng
=520  2\$aDoslov; s přehledem božstev a bájesloví starých Slovanů (jak byla použita v této rekonstrukci), s. 130-134, s oddíly "Vyšší božstva" a "Nižší božstva".
=524  \\$aČAPLOVIČ, Dušan: Slovo na závěr. In: Hudec, Ivan: Báje a mýty starých Slovanů. Přel. Jana Klimešová. Bratislava : Slovart, 1994, s. 123-129.
=600  17$aHudec, Ivan$d(1947-2022)$7jn20000603057$2czenas$1http://viaf.org/viaf/71465603
=600  17$aKlimešová, Jana$d(1953- )$7kpwa2815$2czenas$1http://viaf.org/viaf/84462960
=600  17$aČaplovič, Dušan$d(1946- )$7jn20000601246$2czenas$1http://viaf.org/viaf/32300807
=650  07$aSlované$7ph118086$2czenas
=650  07$abožstva$7ph742348$2czenas
=650  07$amýty$7ph123146$2czenas
=650  07$aslovanští bohové$7ph855107$2czenas
=650  07$aslovenská próza$7ph125664$2czenas
=650  \7$aSlovak literature$2ELB-n
=655  \4$adoslovy
=655  \7$abibliografie$7fd131898$2czenas
=773  0\$tBáje a mýty starých Slovanů$gS. 123-129$91994
=787  08$aHudec, Ivan$tBáje a mýty starých Slovanů$nPřel. Jana Klimešová$b1. vydání$dBratislava : Slovart, 1994$h130 s.$z80-7336-132-9$4soubor bájí
=910  \\$aABB060
=964  \\$a02.06
=964  \\$a02.12.01
=964  \\$a04
=964  \\$a04.25.02
=964  \\$a05
=964  \\$aB80
=964  \\$aMBK
=995  \\$aČeská Literární Bibliografie
=FMT  AN
=OWN  \\$aUCLA
=SIF  \\$ass
=ZAR  \\$s136 s.$hsoubor bájí
=ZAZ  \\$d1994$s1994$l123

