=LDR  01775naa a22004334a 4500
=001  001558503
=003  CZ\PrUCL
=008  170104s1994\\\\xr\\\\\\\\\\\\|||\||cze\d
=035  \\$a(ISIS-B80-ID)B9047163
=035  \\$a(ISIS-B80-MFN)94504
=040  \\$aABB060$bcze
=080  \\$a(01)$2MRF
=100  1\$aNosek, Václav$d(1943- )$7ola20040318003$4aut$1http://viaf.org/viaf/217767587
=245  10$aEdiční poznámka Václava Noska-Windyho /$cVáclav Nosek-Windy
=380  \\$iMajor genre$aSecondary literature$leng
=520  2\$aKe vzniku knihy (napsáno 1952, vyšlo 1965); s bibliografickým přehledem Dílo Jaroslava Foglara (s. 169-173).
=524  \\$aNOSEK-WINDY, Václav: Ediční poznámka Václava Noska-Windyho. In: Foglar, Jaroslav: Tajemná Řásnovka. Praha : Olympia, 1994, s. 167-168.
=600  17$aFoglar, Jaroslav$d(1907-1999)$7jk01031485$2czenas$1http://viaf.org/viaf/32799051
=648  \7$a1941-1950$7ch460582$2czenas
=650  04$aliterární bibliografie a různé soupisy$xOPRAVA UCL
=650  04$ačeská literatura pro děti$xOPRAVA UCL
=650  07$aosobnosti$7ph115615$2czenas
=650  \7$aCzech literature$2ELB-n
=650  \7$aChildren's literature$2ELB-g
=655  \4$aediční poznámky$xOPRAVA UCL
=655  \7$abibliografie$7fd131898$2czenas
=773  0\$tTajemná Řásnovka$gS. 167-168$q1994<167$91994
=787  08$aFoglar, Jaroslav$tTajemná Řásnovka$k(Sebrané spisy Jaroslava Foglara ; sv. 12)$h176 s.$b4. vyd.$dPraha : Olympia, 1994$4kniha pro mládež
=910  \\$aABB060
=964  \\$a02.12.01
=964  \\$a03.10.07
=964  \\$a05
=964  \\$aB80
=995  \\$aČeská Literární Bibliografie
=FMT  AN
=OWN  \\$aUCLA
=SIF  \\$ass
=ZAR  \\$s176 s.$hkniha pro mládež
=ZAZ  \\$d1994$s1994$l167

