=LDR  01942naa a22004574a 4500
=001  001558504
=003  CZ\PrUCL
=008  170104s1994\\\\xr\\\\\\\\\\\\|||\||cze\d
=035  \\$a(ISIS-B80-ID)B9047164
=035  \\$a(ISIS-B80-MFN)94505
=040  \\$aABB060$bcze
=080  \\$a(01)$2MRF
=100  1\$aNosek, Václav$d(1943- )$7ola20040318003$4aut$1http://viaf.org/viaf/217767587
=245  10$aEdiční poznámka Václava Noska-Windyho /$cVáclav Nosek-Windy
=380  \\$iMajor genre$aSecondary literature$leng
=520  2\$aK souboru 42 povídek z let 1927-1937; s bibliografií Kde a kdy vyšly jednotlivé povídky, z nichž vznikl Tábor smůly (s. 125-127); s bibliografickým přehledem Dílo Jaroslava Foglara (s. 128-132).
=524  \\$aNOSEK-WINDY, Václav: Ediční poznámka Václava Noska-Windyho. In: Foglar, Jaroslav: Tábor smůly. Praha : Olympia, 1994, s. 123-124.
=600  17$aFoglar, Jaroslav$d(1907-1999)$7jk01031485$2czenas$1http://viaf.org/viaf/32799051
=648  \7$a1921-1930$7ch460580$2czenas
=648  \7$a1931-1940$7ch460581$2czenas
=650  04$aliterární bibliografie a různé soupisy$xOPRAVA UCL
=650  04$ačeská literatura pro děti$xOPRAVA UCL
=650  07$aosobnosti$7ph115615$2czenas
=650  \7$aCzech literature$2ELB-n
=650  \7$aChildren's literature$2ELB-g
=655  \4$aediční poznámky$xOPRAVA UCL
=655  \7$abibliografie$7fd131898$2czenas
=773  0\$tTábor smůly$gS. 123-124$q1994<123$91994
=787  08$aFoglar, Jaroslav$tTábor smůly : Skautské taškařice$k(Sebrané spisy Jaroslava Foglara ; sv. 11)$h135 s.$b4. vyd.$dPraha : Olympia, 1994$4kniha pro mládež
=910  \\$aABB060
=964  \\$a02.12.01
=964  \\$a03.08.07
=964  \\$a03.09.07
=964  \\$a05
=964  \\$aB80
=995  \\$aČeská Literární Bibliografie
=FMT  AN
=OWN  \\$aUCLA
=SIF  \\$ass
=ZAR  \\$s135 s.$hkniha pro mládež
=ZAZ  \\$d1994$s1994$l123

