=LDR  01629naa a22003854a 4500
=001  001558506
=003  CZ\PrUCL
=005  20200519230144.0
=008  170104s1995\\\\xr\\\\\\\\\\\\|||\||cze\d
=035  \\$a(ISIS-B80-ID)B9047166
=035  \\$a(ISIS-B80-MFN)94507
=040  \\$aABB060$bcze
=072  \7$a82-93$xLiteratura pro děti a mládež (o ní)$2Konspekt$911
=100  1\$aNosek, Václav$d(1943- )$7ola20040318003$4aut$1http://viaf.org/viaf/217767587
=245  10$aEdiční poznámka Václava Noska-Windyho /$cVáclav Nosek-Windy.
=380  \\$iMajor genre$aSecondary literature$leng
=520  2\$aEdiční poznámka se vyjadřuje ke vzniku knihy a k jednotlivým vydáním (poprvé roku 1944).
=524  \\$aNOSEK-WINDY, Václav: Ediční poznámka Václava Noska-Windyho. In: Foglar, Jaroslav: Když Duben přichází. Praha : Olympia, 1995, s. 205-206.
=600  17$aFoglar, Jaroslav$d(1907-1999)$7jk01031485$2czenas$1http://viaf.org/viaf/32799051
=648  \7$a1941-1950$7ch460582$2czenas
=650  07$aliteratura pro děti a mládež$7ph138316$2czenas
=650  \7$aChildren's literature$2ELB-g
=655  \4$aediční poznámky
=773  0\$tKdyž Duben přichází$gS. 205-206$91995
=787  08$aFoglar, Jaroslav$tKdyž Duben přichází$b4. vydání$dPraha : Olympia, 1995$k(Sebrané spisy Jaroslava Foglara ; sv. 3)$h206 s.$z80-7033-367-7$4kniha pro mládež
=910  \\$aABB060
=964  \\$a03.10.07
=964  \\$a05
=964  \\$aB80
=995  \\$aČeská Literární Bibliografie
=FMT  AN
=OWN  \\$aUCLA
=SIF  \\$ass
=ZAR  \\$s208 s.$hkniha pro mládež
=ZAZ  \\$d1995$s1995$l205

