=LDR  01621naa a22003854a 4500
=001  001558507
=003  CZ\PrUCL
=005  20200519230438.0
=008  170104s1995\\\\xr\\\\\\\\\\\\|||\||cze\d
=035  \\$a(ISIS-B80-ID)B9047167
=035  \\$a(ISIS-B80-MFN)94508
=040  \\$aABB060$bcze
=072  \7$a82-93$xLiteratura pro děti a mládež (o ní)$2Konspekt$911
=100  1\$aNosek, Václav$d(1943- )$7ola20040318003$4aut$1http://viaf.org/viaf/217767587
=245  10$aEdiční poznámka Václava Noska-Windyho /$cVáclav Nosek-Windy.
=380  \\$iMajor genre$aSecondary literature$leng
=520  2\$aEdiční poznámka se vyjadřuje ke vzniku knihy (poprvé roku 1969).
=524  \\$aNOSEK-WINDY, Václav: Ediční poznámka Václava Noska-Windyho. In: Foglar, Jaroslav: Dobrodružství v Zemi nikoho. Praha : Olympia, 1995, s. 178-179.
=600  17$aFoglar, Jaroslav$d(1907-1999)$7jk01031485$2czenas$1http://viaf.org/viaf/32799051
=648  \7$a1961-1970$7ch460584$2czenas
=650  07$aliteratura pro děti a mládež$7ph138316$2czenas
=650  \7$aChildren's literature$2ELB-g
=655  \4$aediční poznámky
=773  0\$tDobrodružství v Zemi nikoho$gS. 178-179$91995
=787  08$aFoglar, Jaroslav$tDobrodružství v Zemi nikoho$b3. vydání$dPraha : Olympia, 1995$k(Sebrané spisy Jaroslava Foglara ; sv. 18)$h179 s.$z80-7033-387-1$4kniha pro mládež
=910  \\$aABB060
=964  \\$a03.12.07
=964  \\$a05
=964  \\$aB80
=995  \\$aČeská Literární Bibliografie
=FMT  AN
=OWN  \\$aUCLA
=SIF  \\$ass
=ZAR  \\$s182 s.$hkniha pro mládež
=ZAZ  \\$d1995$s1995$l178

