=LDR  01814naa a22004334a 4500
=001  001558508
=003  CZ\PrUCL
=005  20200519230708.0
=008  170104s1995\\\\xr\\\\\\\\\\\\|||\||cze\d
=035  \\$a(ISIS-B80-ID)B9047168
=035  \\$a(ISIS-B80-MFN)94509
=040  \\$aABB060$bcze
=072  \7$a82-93$xLiteratura pro děti a mládež (o ní)$2Konspekt$911
=080  \\$a(01)$2MRF
=100  1\$aNosek, Václav$d(1943- )$7ola20040318003$4aut$1http://viaf.org/viaf/217767587
=245  10$aEdiční poznámka Václava Noska-Windyho /$cVáclav Nosek-Windy.
=380  \\$iMajor genre$aSecondary literature$leng
=520  2\$aEdiční poznámka se vyjadřuje ke vzniku knihy a k jednotlivým vydáním; s bibliografickým přehledem "Dílo Jaroslava Foglara" (s. 93-97).
=524  \\$aNOSEK-WINDY, Václav: Ediční poznámka Václava Noska-Windyho. In: Foglar, Jaroslav: Boj o první místo. Praha : Olympia, 1995, s. 90-92.
=600  17$aFoglar, Jaroslav$d(1907-1999)$7jk01031485$2czenas$1http://viaf.org/viaf/32799051
=648  \7$a1931-1940$7ch460581$2czenas
=650  07$aliteratura pro děti a mládež$7ph138316$2czenas
=650  07$ačeští spisovatelé$7ph128175$2czenas
=650  \7$aChildren's literature$2ELB-g
=655  \4$aediční poznámky
=655  \7$abibliografie$7fd131898$2czenas
=773  0\$tBoj o první místo$gS. 90-92$91995
=787  08$aFoglar, Jaroslav$tBoj o první místo$b8. vydání$dPraha : Olympia, 1995$k(Sebrané spisy Jaroslava Foglara ; sv. 13)$h96 s.$z80-7033-348-0$4kniha pro mládež
=910  \\$aABB060
=964  \\$a02.12.01
=964  \\$a03.09.07
=964  \\$a05
=964  \\$aB80
=995  \\$aČeská Literární Bibliografie
=FMT  AN
=OWN  \\$aUCLA
=SIF  \\$ass
=ZAR  \\$s100 s.$hkniha pro mládež
=ZAZ  \\$d1995$s1995$l90

