=LDR  01499naa a22004094a 4500
=001  001559597
=003  CZ\PrUCL
=005  20200414170433.0
=008  170104s1996\\\\xr\\\\\\\\\\\\|||\||cze\d
=035  \\$a(ISIS-B80-ID)B9045773
=035  \\$a(ISIS-B80-MFN)95598
=040  \\$aABB060$bcze
=072  \7$a821.162.3.09$xČeská literatura (o ní)$2Konspekt$911
=245  00$aRadek Larus :$b(* 2. 3. 1971, Praha).
=380  \\$iMajor genre$aSecondary literature$leng
=500  \\$aNepodepsáno.
=520  2\$aBiografická poznámka o autorovi u jeho próz otištěných jako příloha časopisu Tvar, 7, 1996, č. 8, 11. 4.
=524  \\$aRadek Larus : (* 2. 3. 1971, Praha). In: Larus, Radek: Dutej úder z nedaleka. Praha : Tvar, 1996, s. 2.
=600  17$aLarus, Radek$d(1971- )$7jn19990218061$2czenas$1http://viaf.org/viaf/43610762
=648  \7$a1991-2000$7ch460587$2czenas
=650  07$ačeská próza$7ph116861$2czenas
=650  07$ačeští spisovatelé$7ph128175$2czenas
=650  \7$aCzech literature$2ELB-n
=655  \4$abiografické poznámky
=773  0\$tDutej úder z nedaleka$gS. 2$q1996<2$91996
=787  08$aLarus, Radek$tDutej úder z nedaleka$dPraha : Tvar, 1996$k(Edice Tvary ; sv. 8)$h32 s.$4soubor próz
=787  08$tTvar$4časopis
=910  \\$aABB060
=964  \\$a03.15.02
=964  \\$a05
=964  \\$aB80
=995  \\$aČeská Literární Bibliografie
=FMT  AN
=OWN  \\$aUCLA
=SIF  \\$agd
=ZAR  \\$s32 s.$hdvě prózy
=ZAZ  \\$d1996$s1996$l2

