=LDR  01597naa a22004214a 4500
=001  001559678
=003  CZ\PrUCL
=005  20200504171722.0
=008  170104s1996\\\\xr\\\\\\\\\\\\|||\||cze\d
=035  \\$a(ISIS-B80-ID)B9047454
=035  \\$a(ISIS-B80-MFN)95679
=040  \\$aABB060$bcze
=072  \7$a821.162.3.09$xČeská literatura (o ní)$2Konspekt$911
=245  00$aPetr Veselý :$b(* 20. 4. 1977, Cheb).
=380  \\$iMajor genre$aSecondary literature$leng
=500  \\$aNepodepsáno.
=520  2\$aBiografická poznámka k otištěné sbírce (příl. časopisu Tvar 7, 1996, č. 9, 25. 4.).
=524  \\$aPetr Veselý : (* 20. 4. 1977, Cheb). In: Veselý, Petr: Kniha pokusů pro začínající chovatele hemeroidů. Praha : Tvar, 1996, s. 2.
=600  17$aVeselý, Petr$d(1977- )$7mzk2003202404$2czenas$1http://viaf.org/viaf/84561208
=648  \7$a1991-2000$7ch460587$2czenas
=650  07$ačeská poezie$7ph150471$2czenas
=650  07$ačeští spisovatelé$7ph128175$2czenas
=650  \7$aCzech literature$2ELB-n
=650  \7$aPoetry$2ELB-g
=655  \4$abiografické poznámky
=773  0\$tKniha pokusů pro začínající chovatele hemeroidů$gS. 2$91996
=787  08$aVeselý, Petr$tKniha pokusů pro začínající chovatele hemeroidů$dPraha : Tvar, 1996$k(Edice Tvary ; sv. 9)$h32 s.$4sbírka básní
=787  08$tTvar$4časopis
=910  \\$aABB060
=964  \\$a03.15.01
=964  \\$a05
=964  \\$aB80
=995  \\$aČeská Literární Bibliografie
=FMT  AN
=OWN  \\$aUCLA
=SIF  \\$agd
=ZAR  \\$s32 s.$hsbírka
=ZAZ  \\$d1996$s1996$l2

