=LDR  02104naa a22004694a 4500
=001  001559747
=003  CZ\PrUCL
=005  20200505222945.0
=008  170104s1995\\\\xr\\\\\\\\\\\\|||\||cze\d
=035  \\$a(ISIS-B80-ID)B9047603
=035  \\$a(ISIS-B80-MFN)95748
=040  \\$aABB060$bcze
=072  \7$a821.162.3.09$xČeská literatura (o ní)$2Konspekt$911
=080  \\$a(046)$2MRF
=100  1\$aBiedermannová, Carola$d(1947-2008)$7xx0002573$4aut$1http://viaf.org/viaf/21723888
=245  10$aÚvod /$cCarola Biedermannová.
=380  \\$iMajor genre$aLiterature$leng
=381  \\$iMajor genre$aOther$leng
=520  2\$aAutorský úvod reagující na přijetí knihy "Mstivá kantiléna" (Praha, Ivo Železný 1992).
=524  \\$aBIEDERMANNOVÁ, Carola: Úvod. In: Biedermannová, Carola: Lítostivá kantiléna čili Muži se diskriminují sami aneb Pes a jeho hůl. Praha : Ivo Železný, 1995, s. 5-8.
=600  17$aBiedermannová, Carola$d(1947-2008)$7xx0002573$2czenas$1http://viaf.org/viaf/21723888
=648  \7$a1991-2000$7ch460587$2czenas
=650  07$afeminismus$7ph120150$2czenas
=650  07$ainterpretace a přijetí literárního díla$7ph137145$2czenas
=650  07$ačeská próza$7ph116861$2czenas
=650  07$ačeský esej$7ph138478$2czenas
=650  \7$aCzech literature$2ELB-n
=650  \7$aEssay$2ELB-g
=655  \7$apředmluvy$7fd202214$2czenas
=773  0\$tLítostivá kantiléna čili Muži se diskriminují sami aneb Pes a jeho hůl$gS. 5-8$91995
=787  08$aBiedermannová, Carola$tLítostivá kantiléna čili Muži se diskriminují sami aneb Pes a jeho hůl$b1. vydání$dPraha : Ivo Železný, 1995$k(Knížky dostupné každému ; sv. 24)$k(Česká knihovna)$h125 s.$z80-237-2134-8$4soubor úvah
=787  08$aBiedermannová, Carola$tMstivá kantiléna aneb Rigor magoris aneb Feministický nářez$4soubor úvah
=910  \\$aABB060
=964  \\$a03.15.02
=964  \\$a05
=964  \\$aB80
=995  \\$aČeská Literární Bibliografie
=FMT  AN
=OWN  \\$aUCLA
=SIF  \\$ass
=ZAR  \\$s127 s.$hpróza
=ZAZ  \\$d1995$s1995$l5

