=LDR  01599naa a22004214a 4500
=001  001559803
=003  CZ\PrUCL
=005  20200408191805.0
=008  170104s1996\\\\xr\\\\\\\\\\\\|||\||cze\d
=035  \\$a(ISIS-B80-ID)B9047659
=035  \\$a(ISIS-B80-MFN)95804
=040  \\$aABB060$bcze
=072  \7$a821.162.3.09$xČeská literatura (o ní)$2Konspekt$911
=080  \\$a(0:82-4)$2MRF
=100  1\$aBrandejs, Vladimír$d(1937-2005)$7jk01012979$1http://viaf.org/viaf/52104180
=245  10$aPokus o pravdu /$cVladimír Brandejs.
=380  \\$iMajor genre$aLiterature$leng
=381  \\$iMajor genre$aOther$leng
=520  2\$aAutorská úvaha o poezii; s biografickou poznámkou o autorovi (s. 64, nepodepsáno).
=524  \\$aBRANDEJS, Vladimír: Pokus o pravdu. In: Brandejs, Vladimír: Vychýlení horizontu. Opočno : Prameny, 1996, s. 62.
=600  17$aBrandejs, Vladimír$d(1937-2005)$7jk01012979$2czenas$1http://viaf.org/viaf/52104180
=648  \7$a1991-2000$7ch460587$2czenas
=650  07$ačeská poezie$7ph150471$2czenas
=650  07$ačeští spisovatelé$7ph128175$2czenas
=650  \7$aCzech literature$2ELB-n
=650  \7$aPoetry$2ELB-g
=655  \7$aúvahy$7fd134000$2czenas
=773  0\$tVychýlení horizontu$gS. 62$q1996<62$91996
=787  08$aBrandejs, Vladimír$tVychýlení horizontu$b1. vydání$dOpočno : Prameny, 1996$h58 s.$z80-901937-4-9$4sbírka básní
=910  \\$aABB060
=964  \\$a03.15.01
=964  \\$a05
=964  \\$aB80
=995  \\$aČeská Literární Bibliografie
=FMT  AN
=OWN  \\$aUCLA
=SIF  \\$ass
=ZAZ  \\$d1996$s1996$l62

