=LDR  03151naa a22006374a 4500
=001  001559817
=003  CZ\PrUCL
=005  20200410002020.0
=008  151130s1996\\\\xo\\\\\\\\\\\\|||\||cze\d
=035  \\$a(ISIS-B80-ID)B9047673
=035  \\$a(ISIS-B80-MFN)95818
=040  \\$aABB060$bcze
=072  \7$a821.162.3.09$xČeská literatura (o ní)$2Konspekt$911
=080  \\$a(01)$2MRF
=100  1\$aKováč, Bohuš$d(1936-2006)$7jn20000603511$4aut$1http://viaf.org/viaf/22393879
=245  10$aOkamih pravdy - okamih šťastia /$cBohuslav Kováč.
=380  \\$iMajor genre$aSecondary literature$leng
=520  2\$aDoslov k výboru z autorovy tvorby z období normalizace (základ knihy tvoří dvě samizdatové publikace z let 1984 a 1987 uvedené v titulu); mj. s oddílem "Surrealistické tablo" (s. 183-213, s texty o K. Barónovi, V. Effenbergerovi, E. Medkové, A. Nádvorníkové, M. Stejskalovi, L. Švábovi, J. Švankmajerovi a E. Švankmajerové); s výběrovou bibliografií A. Marenčina (s. 219-221).
=524  \\$aKOVÁČ, Bohuš: Okamih pravdy - okamih šťastia. In: Marenčin, Albert: Nikdy ; Návraty na Muráň. Bratislava : Vydavateľstvo PT, 1996, s. 214-216.
=600  17$aBaron, Karol$d(1939-2004)$7ola2002151938$2czenas$1http://viaf.org/viaf/40298608
=600  17$aEffenberger, Vratislav$d(1923-1986)$7jk01030310$2czenas$1http://viaf.org/viaf/15186733
=600  17$aMarenčin, Albert$d(1922-2019)$7ola2002151943$2czenas$1http://viaf.org/viaf/34612669
=600  17$aMedková, Emila$d(1928-1985)$7jz8000819$2czenas$1http://viaf.org/viaf/30605890
=600  17$aNádvorníková, Alena$d(1942- )$7jn99240000799$2czenas$1http://viaf.org/viaf/54034298
=600  17$aStejskal, Martin$d(1944- )$7jn99240001125$2czenas$1http://viaf.org/viaf/302361602
=600  17$aŠvankmajer, Jan$d(1934- )$7jk01131834$2czenas$1http://viaf.org/viaf/115219363
=600  17$aŠvankmajerová, Eva$d(1940-2005)$7jn20000402928$2czenas$1http://viaf.org/viaf/55013093
=600  17$aŠváb, Ludvík$d(1924-1997)$7jk01131773$2czenas$1http://viaf.org/viaf/50300001
=648  \4$a1901-2000
=650  04$aliterární bibliografie a různé soupisy
=650  04$asurrealismus
=650  07$aliterární komparatistika$7ph137146$2czenas
=650  07$aslovenská literatura$7ph125661$2czenas
=650  07$aslovenští spisovatelé$7ph125683$2czenas
=650  07$ačeská literatura$7ph116858$2czenas
=650  \7$aSlovak literature$2ELB-n
=650  \7$aCzech literature$2ELB-n
=655  \4$abibliografické poznámky
=655  \4$adoslovy
=655  \7$abibliografie$7fd131898$2czenas
=773  0\$tNikdy ; Návraty na Muráň$gS. 214-216$q1996<214$91996
=787  08$aMarenčin, Albert$tNikdy ; Návraty na Muráň : koláž$b1. vydání$dBratislava : Vydavateľstvo PT, 1996$h221 s.$4soubor textů
=910  \\$aABB060
=964  \\$a02.07
=964  \\$a02.12.01
=964  \\$a03.05
=964  \\$a04.25
=964  \\$a05
=964  \\$aB80
=964  \\$aMBK
=995  \\$aČeská Literární Bibliografie
=FMT  AN
=OWN  \\$aUCLA
=SIF  \\$ass
=ZAR  \\$s224 s.$hsoubor textů
=ZAZ  \\$d1996$s1996$l214

