=LDR  01653naa a22004334a 4500
=001  001559819
=003  CZ\PrUCL
=005  20200410003406.0
=008  170104s1996\\\\xr\\\\\\\\\\\\|||\||cze\d
=035  \\$a(ISIS-B80-ID)B9047675
=035  \\$a(ISIS-B80-MFN)95820
=040  \\$aABB060$bcze
=072  \7$a821.162.3.09$xČeská literatura (o ní)$2Konspekt$911
=080  \\$a(046)$2MRF
=080  \\$a(047.6)$2MRF
=080  \\$a(0:82-94)$2MRF
=100  1\$aKonůpek, Michael$d(1948- )$7jn20000620172$4aut$1http://viaf.org/viaf/7444399
=245  10$aAutor o knize. - Autor o sobě /$cMichael Konůpek.
=380  \\$iMajor genre$aSecondary literature$leng
=520  2\$aPoznámky o knize a o autorovi; 1. vydání: Köln, Index 1989.
=524  \\$aKONŮPEK, Michael: Autor o knize. - Autor o sobě. In: Konůpek, Michael: Böhmerland 600 cc. Brno : Atlantis, 1996, přední a zadní záložka.
=600  17$aKonůpek, Michael$d(1948- )$7jn20000620172$2czenas$1http://viaf.org/viaf/7444399
=648  \7$a1991-2000$7ch460587$2czenas
=650  07$ačeská próza$7ph116861$2czenas
=650  07$ačeští spisovatelé$7ph128175$2czenas
=650  \7$aCzech literature$2ELB-n
=655  \7$apoznámky$7fd133108$2czenas
=773  0\$tBöhmerland 600 cc$gPřední a zadní záložka$91996
=787  08$aKonůpek, Michael$tBöhmerland 600 cc$b2., autorem upravené vydání$dBrno : Atlantis, 1996$h174 s.$z80-7108-118-3$4próza
=910  \\$aABB060
=964  \\$a03.15.02
=964  \\$a05
=964  \\$aB80
=995  \\$aČeská Literární Bibliografie
=FMT  AN
=OWN  \\$aUCLA
=SIF  \\$ass
=ZAR  \\$s176 s.$hpróza
=ZAZ  \\$d1996

