=LDR  01348naa a22003974a 4500
=001  001559820
=003  CZ\PrUCL
=005  20200504193943.0
=008  170104s1996\\\\xr\\\\\\\\\\\\|||\||cze\d
=035  \\$a(ISIS-B80-ID)B9047676
=035  \\$a(ISIS-B80-MFN)95821
=040  \\$aABB060$bcze
=072  \7$a821.162.3.09$xČeská literatura (o ní)$2Konspekt$911
=245  00$aPoznámka.
=380  \\$iMajor genre$aSecondary literature$leng
=500  \\$aNepodepsáno.
=520  2\$aBiografická poznámka o autorovi.
=524  \\$aPoznámka. In: Večeřa, Pavel: Třetí hlava. Brno : Host, 1996, s. 173.
=600  17$aVečeřa, Pavel$d(1969- )$7jn19990209980$2czenas$1http://viaf.org/viaf/9136266
=648  \7$a1991-2000$7ch460587$2czenas
=650  07$ačeská próza$7ph116861$2czenas
=650  07$ačeští spisovatelé$7ph128175$2czenas
=650  \7$aCzech literature$2ELB-n
=655  \4$abiografické poznámky
=773  0\$tTřetí hlava$gS. 173$91996
=787  08$aVečeřa, Pavel$tTřetí hlava$b1. vydání$dBrno : Host, 1996$k(Knižní řada Host ; sv. 2)$h170 s.$z80-902127-2-7$4próza
=910  \\$aABB060
=964  \\$a03.15.02
=964  \\$a05
=964  \\$aB80
=995  \\$aČeská Literární Bibliografie
=FMT  AN
=OWN  \\$aUCLA
=SIF  \\$ass
=ZAR  \\$s174 s.$hsoubor povídek
=ZAZ  \\$d1996$s1996$l173

