=LDR  02220naa a22005054a 4500
=001  001559821
=003  CZ\PrUCL
=005  20200408234441.0
=008  170104s1996\\\\xr\\\\\\\\\\\\|||\||cze\d
=035  \\$a(ISIS-B80-ID)B9047677
=035  \\$a(ISIS-B80-MFN)95822
=040  \\$aABB060$bcze
=072  \7$a821.162.3.09$xČeská literatura (o ní)$2Konspekt$911
=100  1\$aBalaštík, Miroslav$d(1971- )$7jo2003163259$1http://viaf.org/viaf/84146990
=245  10$aEdiční poznámka /$cM. B. [=Balaštík, Miroslav].
=380  \\$iMajor genre$aSecondary literature$leng
=520  2\$aEdiční poznámka; svazek obsahuje též sbírku slovensko-vietnamské básnířky Diany Tuyet-Lan Nguyen "Čiary života" (s. 131-166), medailon autorky napsal Jiří Veselský (s. 169-170).
=524  \\$aM. B. [=BALAŠTÍK, Miroslav]: Ediční poznámka. In: Veselský, Jiří: Nezaručené pověsti. Kroměříž : Intermezzo ; Brno : Host, 1996, s. 171.
=600  17$aNguyen, Diana Tuyet-Lan$d(1978- )$7jn20020126029$2czenas$1http://viaf.org/viaf/84083337
=600  17$aVeselský, Jiří$d(1933-2004)$7jk01142113$2czenas$1http://viaf.org/viaf/48477633
=648  \7$a1951-2000$7ch460577$2czenas
=650  07$aslovenská poezie$7ph125662$2czenas
=650  07$aslovenské spisovatelky$7ph125678$2czenas
=650  07$avietnamská poezie$7ph493970$2czenas
=650  07$avietnamské spisovatelky$7ph493972$2czenas
=650  07$ačeská poezie$7ph150471$2czenas
=650  \7$aSlovak literature$2ELB-n
=650  \7$aPoetry$2ELB-g
=650  \7$aVietnamese literature$2ELB-n
=650  \7$aCzech literature$2ELB-n
=655  \4$aediční poznámky
=773  0\$tNezaručené pověsti$gS. 171$q1996<171$91996
=787  08$aTuyet-Lan Nguyen, Diana$tČiary života$4sbírka básní
=787  08$aVeselský, Jiří$tNezaručené pověsti$b1. vydání$dKroměříž : Intermezzo ; Brno : Host, 1996$k(Edice poesie Host ; sv. 8)$h171 s.$z80-902127-0-0$4výbor z básní
=910  \\$aABB060
=964  \\$a03.16.01
=964  \\$a04.25.01
=964  \\$a04.47.01
=964  \\$a05
=964  \\$aB80
=995  \\$aČeská Literární Bibliografie
=FMT  AN
=OWN  \\$aUCLA
=SIF  \\$ass
=ZAZ  \\$d1996$s1996$l171

