=LDR  01442naa a22004094a 4500
=001  001559836
=003  CZ\PrUCL
=005  20201116115104.0
=008  170104s1994\\\\xr\\\\\\\\\\\\|||\||cze\d
=035  \\$a(ISIS-B80-ID)B9047692
=035  \\$a(ISIS-B80-MFN)95837
=040  \\$aABB060$bcze
=080  \\$a(047.6)$2MRF
=100  1\$aOtisková, Niki$d(1946- )$7xx0002112$4aut$1http://viaf.org/viaf/85319265
=245  10$aVydavatelské poznámky /$cNiki Otisková.
=380  \\$iMajor genre$aSecondary literature$leng
=520  2\$aPoznámky ke vzniku sbírky z let 1945-1947.
=524  \\$aOTISKOVÁ, Niki: Vydavatelské poznámky. In: Ryba, Jan: Vršitý čas. Karviná : Gramma, 1994, s. 34-35.
=600  17$aRyba, Jan$d(1913-1982)$7jk01103235$2czenas$1http://viaf.org/viaf/68690322
=648  \7$a1941-1950$7ch460582$2czenas
=650  07$aosobnosti$7ph115615$2czenas
=650  07$ačeská poezie$7ph150471$2czenas
=650  \7$aCzech literature$2ELB-n
=650  \7$aPoetry$2ELB-g
=655  \7$apoznámky$7fd133108$2czenas
=773  0\$tVršitý čas$gS. 34-35$q1994<34$91994
=787  08$aRyba, Jan$tVršitý čas$h39 s. Volné archy$dKarviná : Gramma, 1994$4sbírka veršů
=910  \\$aABB060
=964  \\$a03.10.01
=964  \\$a05
=964  \\$aB80
=995  \\$aČeská Literární Bibliografie
=FMT  AN
=OWN  \\$aUCLA
=SIF  \\$ass
=ZAR  \\$s39 s. Volné archy$hsbírka veršů
=ZAZ  \\$d1994$s1994$l34

