=LDR  02283naa a22005174a 4500
=001  001559862
=003  CZ\PrUCL
=005  20210312160413.0
=008  170104s1990\\\\xr\\\\\\\\\\\\|||\||cze\d
=035  \\$a(ISIS-B80-ID)B9047718
=035  \\$a(ISIS-B80-MFN)95863
=040  \\$aABB060$bcze
=080  \\$a(0:82-4)$2MRF
=100  1\$aKriseová, Eda$d(1940- )$7jk01063340$4aut$1http://viaf.org/viaf/14821064
=245  10$aPředmluva /$cEda Kriseová.
=380  \\$iMajor genre$aLiterature$leng
=381  \\$iMajor genre$aOther$leng
=520  2\$aÚvodní slovo k 1. vydání (Mnichov 1987) textů P. Příhody doprovázejících fotografie: Platz Jozef z česko-německého pohraničí; F. Jedermann byl společný pseudonym autorů.
=524  \\$aKRISEOVÁ, Eda: Předmluva. In: Jedermann, František: Ztracené dějiny. Předmluvu k 2. vydání (2 s.) napsal Petr Příhoda. Praha : Institut pro středoevropskou kulturu a politiku : Ackermann-Gemeinde, 1990, s. 5-13.
=545  0\$aJedermann, František, pseudonym
=600  17$aPlatz, Josef$d(1937- )$7kup19960000077429$2czenas$1http://viaf.org/viaf/84476791
=600  17$aPříhoda, Petr$d(1939- )$7mzk2003182491$2czenas$1http://viaf.org/viaf/27095448
=600  17$aPříhoda, Petr$d(1939-2014)$7jn19981002064$2czenas$1http://viaf.org/viaf/56669331
=648  \7$a1981-1990$7ch460586$2czenas
=650  04$apseudonymy$xOPRAVA UCL
=650  07$adějiny$7ph114390$2czenas
=650  07$aliteratura a dějiny$7ph367699$2czenas
=650  07$aosobnosti$7ph115615$2czenas
=650  07$ačeská próza$7ph116861$2czenas
=650  \7$aCzech literature$2ELB-n
=651  \4$aSudety$xOPRAVA UCL
=655  \7$apředmluvy$7fd202214$2czenas
=655  \7$aúvahy$7fd134000$2czenas
=773  0\$tZtracené dějiny$gS. 5-13$q1990<5$91990
=787  08$aJedermann, František$tZtracené dějiny$nPředmluvu k 2. vydání (2 s.) napsal Petr Příhoda$h73 s.$b2. vyd.$dPraha : Institut pro středoevropskou kulturu a politiku : Ackermann-Gemeinde, 1990$4soubor úvah
=910  \\$aABB060
=964  \\$a02.06
=964  \\$a03.14.02
=964  \\$a05
=964  \\$aB80
=995  \\$aČeská Literární Bibliografie
=FMT  AN
=OWN  \\$aUCLA
=SIF  \\$ass
=ZAR  \\$s73 s.$hsoubor úvah
=ZAZ  \\$d1990$s1990$l5

