=LDR  01698naa a22004214a 4500
=001  001559925
=003  CZ\PrUCL
=005  20200409230554.0
=008  170104s1996\\\\xr\\\\\\\\\\\\|||\||cze\d
=035  \\$a(ISIS-B80-ID)B9047781
=035  \\$a(ISIS-B80-MFN)95926
=040  \\$aABB060$bcze
=072  \7$a821.162.3.09$xČeská literatura (o ní)$2Konspekt$911
=080  \\$a(047.6)$2MRF
=100  1\$aKratochvíl, Jiří$d(1940- )$7jn19990209413$4aut$1http://viaf.org/viaf/116699011
=245  10$aAutor o knize. - Autor o sobě /$cJiří Kratochvil.
=380  \\$iMajor genre$aSecondary literature$leng
=520  2\$aPoznámky o knize a o autorovi.
=524  \\$aKRATOCHVIL, Jiří: Autor o knize. - Autor o sobě. In: Kratochvil, Jiří: Siamský příběh. Ed. Jarmila Vojtová. Brno : Atlantis, 1996, přední a zadní záložka.
=600  17$aKratochvíl, Jiří$d(1940- )$7jn19990209413$2czenas$1http://viaf.org/viaf/116699011
=600  17$aVojtová, Jarmila$d(1959- )$7mzk2005269586$2czenas$1http://viaf.org/viaf/51232424
=648  \7$a1991-2000$7ch460587$2czenas
=650  07$ačeská próza$7ph116861$2czenas
=650  07$ačeští spisovatelé$7ph128175$2czenas
=650  \7$aCzech literature$2ELB-n
=655  \7$apoznámky$7fd133108$2czenas
=773  0\$tSiamský příběh$gPřední a zadní záložka$91996
=787  08$aKratochvil, Jiří$tSiamský příběh$nEd. Jarmila Vojtová$b1. vydání$dBrno : Atlantis, 1996$h183 s.$z80-7108-114-0$4próza
=910  \\$aABB060
=964  \\$a03.15.02
=964  \\$a05
=964  \\$aB80
=995  \\$aČeská Literární Bibliografie
=FMT  AN
=OWN  \\$aUCLA
=SIF  \\$ass
=ZAR  \\$s184 s.$hpróza
=ZAZ  \\$d1996

