=LDR  01481naa a22003974a 4500
=001  001559926
=003  CZ\PrUCL
=005  20200408192503.0
=008  170104s1996\\\\xr\\\\\\\\\\\\|||\||cze\d
=035  \\$a(ISIS-B80-ID)B9047782
=035  \\$a(ISIS-B80-MFN)95927
=040  \\$aABB060$bcze
=072  \7$a821.162.3.09$xČeská literatura (o ní)$2Konspekt$911
=100  1\$aFrýbort, Zdeněk$d(1931-2013)$7jk01032054$1http://viaf.org/viaf/83713435
=245  10$aJazykové hry básníka na metafyzickém hřišti /$cZdeněk Frýbort.
=380  \\$iMajor genre$aSecondary literature$leng
=520  2\$aDoslov.
=524  \\$aFRÝBORT, Zdeněk: Jazykové hry básníka na metafyzickém hřišti. In: Novák, Jan: Navštivte Peru!. Praha : Torst, 1996, s. 112-113.
=600  17$aNovák, Jan$d(1938-2017)$7xx0001702$2czenas$1http://viaf.org/viaf/11581241
=648  \7$a1991-2000$7ch460587$2czenas
=650  07$ačeská poezie$7ph150471$2czenas
=650  \7$aCzech literature$2ELB-n
=650  \7$aPoetry$2ELB-g
=655  \4$adoslovy
=773  0\$tNavštivte Peru!$gS. 112-113$q1996<112$91996
=787  08$aNovák, Jan$tNavštivte Peru!$b1. vydání$dPraha : Torst, 1996$k(Edice poezie ; sv. 14)$h113 s.$z80-85639-69-6$4sbírka básní
=910  \\$aABB060
=964  \\$a03.15.01
=964  \\$a05
=964  \\$aB80
=995  \\$aČeská Literární Bibliografie
=FMT  AN
=OWN  \\$aUCLA
=SIF  \\$ass
=ZAR  \\$s115 s.$hsbírka básní
=ZAZ  \\$d1996$s1996$l112

