=LDR  01336naa a22003854a 4500
=001  001559927
=003  CZ\PrUCL
=005  20200501001412.0
=008  170104s1996\\\\xr\\\\\\\\\\\\|||\||cze\d
=035  \\$a(ISIS-B80-ID)B9047783
=035  \\$a(ISIS-B80-MFN)95928
=040  \\$aABB060$bcze
=072  \7$a821.162.3.09$xČeská literatura (o ní)$2Konspekt$911
=100  1\$aŠulc, Jan$d(1965- )$7jn20000620376$1http://viaf.org/viaf/205584309
=245  10$aEdiční poznámka /$cJan Šulc.
=380  \\$iMajor genre$aSecondary literature$leng
=520  2\$aEdiční poznámka.
=524  \\$aŠULC, Jan: Ediční poznámka. In: Daníček, Jiří: Dům z listí. Praha : Torst, 1996, s. 66.
=600  14$aDaníček, Jiří
=648  \7$a1991-2000$7ch460587$2czenas
=650  07$ačeská literatura$7ph116858$2czenas
=650  \7$aCzech literature$2ELB-n
=655  \4$aediční poznámky
=773  0\$tDům z listí$gS. 66$91996
=787  08$aDaníček, Jiří$tDům z listí$b1. vydání$dPraha : Torst, 1996$k(Edice poezie ; sv. 10)$h66 s.$z80-85639-67-X$4soubor veršů a povídek
=910  \\$aABB060
=964  \\$a03.15
=964  \\$a05
=964  \\$aB80
=995  \\$aČeská Literární Bibliografie
=FMT  AN
=OWN  \\$aUCLA
=SIF  \\$ass
=ZAR  \\$s69 s.$hsoubor veršů a povídek
=ZAZ  \\$d1996$s1996$l66

