=LDR  01558naa a22004094a 4500
=001  001559928
=003  CZ\PrUCL
=005  20200414191808.0
=008  170104s1996\\\\xr\\\\\\\\\\\\|||\||cze\d
=035  \\$a(ISIS-B80-ID)B9047784
=035  \\$a(ISIS-B80-MFN)95929
=040  \\$aABB060$bcze
=072  \7$a821.162.3.09$xČeská literatura (o ní)$2Konspekt$911
=100  1\$aLoub, Adolf$d(1928- )$7jn19990010095$4aut$1http://viaf.org/viaf/83997014
=245  10$aCurriculum vitae /$cAdolf Loub.
=380  \\$iMajor genre$aSecondary literature$leng
=520  2\$aAutobiografická poznámka k souboru veršů z let 1965-1994.
=524  \\$aLOUB, Adolf: Curriculum vitae. In: Loub, Adolf: Čeřiny návětrné pláže vědomí. Brno : Petrov, 1996, s. 70-71.
=600  17$aLoub, Adolf$d(1928- )$7jn19990010095$2czenas$1http://viaf.org/viaf/83997014
=648  \7$a1951-2000$7ch460577$2czenas
=650  07$ačeská poezie$7ph150471$2czenas
=650  07$ačeští spisovatelé$7ph128175$2czenas
=650  \7$aCzech literature$2ELB-n
=650  \7$aPoetry$2ELB-g
=655  \4$abiografické poznámky
=773  0\$tČeřiny návětrné pláže vědomí$gS. 70-71$q1996<70$91996
=787  08$aLoub, Adolf$tČeřiny návětrné pláže vědomí$b1. vydání$dBrno : Petrov, 1996$h68 s.$z80-85247-71-2$4sbírka básní
=910  \\$aABB060
=964  \\$a03.16.01
=964  \\$a05
=964  \\$aB80
=995  \\$aČeská Literární Bibliografie
=FMT  AN
=OWN  \\$aUCLA
=SIF  \\$ass
=ZAR  \\$s76 s.$hsbírka básní
=ZAZ  \\$d1996$s1996$l70

