=LDR  01528naa a22004094a 4500
=001  001559929
=003  CZ\PrUCL
=005  20200417180839.0
=008  170104s1996\\\\xr\\\\\\\\\\\\|||\||cze\d
=035  \\$a(ISIS-B80-ID)B9047785
=035  \\$a(ISIS-B80-MFN)95930
=040  \\$aABB060$bcze
=072  \7$a821.162.3.09$xČeská literatura (o ní)$2Konspekt$911
=245  00$aPoznámka.
=380  \\$iMajor genre$aSecondary literature$leng
=500  \\$aNepodepsáno.
=520  2\$aPoznámka o autorovi.
=524  \\$aPoznámka. In: Reichel, Tomáš: Před branou popela. Brno : Nakladatelství Host : Spolek přátel vydávání časopisu Host, 1996, s. 61.
=600  17$aReichel, Tomáš$d(1971- )$7jn19990209713$2czenas$1http://viaf.org/viaf/222787011
=648  \7$a1991-2000$7ch460587$2czenas
=650  07$ačeská poezie$7ph150471$2czenas
=650  07$ačeští spisovatelé$7ph128175$2czenas
=650  \7$aCzech literature$2ELB-n
=650  \7$aPoetry$2ELB-g
=655  \4$abio-bibliografické poznámky
=773  0\$tPřed branou popela$gS. 61$q1996<61$91996
=787  08$aReichel, Tomáš$tPřed branou popela$b1. vydání$dBrno : Nakladatelství Host : Spolek přátel vydávání časopisu Host, 1996$k(Edice poesie Host ; sv. 9)$h62 s.$z80-902127-1-9$4sbírka básní
=910  \\$aABB060
=964  \\$a03.15.01
=964  \\$a05
=964  \\$aB80
=995  \\$aČeská Literární Bibliografie
=FMT  AN
=OWN  \\$aUCLA
=SIF  \\$ass
=ZAR  \\$s64 s.$hsbírka básní
=ZAZ  \\$d1996$s1996$l61

