=LDR  01453naa a22003854a 4500
=001  001559930
=003  CZ\PrUCL
=005  20200408192429.0
=008  170104s1996\\\\xr\\\\\\\\\\\\|||\||cze\d
=035  \\$a(ISIS-B80-ID)B9047786
=035  \\$a(ISIS-B80-MFN)95931
=040  \\$aABB060$bcze
=072  \7$a821.162.3.09$xČeská literatura (o ní)$2Konspekt$911
=100  1\$aFrýbová, Zdena$d(1934-2010)$7jk01032058$1http://viaf.org/viaf/17299106
=245  10$aSoudcem Ivana je čtenář /$cZdena Frýbová.
=380  \\$iMajor genre$aSecondary literature$leng
=520  2\$aAutorský doslov, mj. též odpovědi na dotazy čtenářů.
=524  \\$aFRÝBOVÁ, Zdena: Soudcem Ivana je čtenář. In: Frýbová, Zdena: Polda a jeho soudce. Praha : Šulc a spol., 1996, s. 477-500.
=600  17$aFrýbová, Zdena$d(1934-2010)$7jk01032058$2czenas$1http://viaf.org/viaf/17299106
=648  \7$a1991-2000$7ch460587$2czenas
=650  07$ačeská próza$7ph116861$2czenas
=650  \7$aCzech literature$2ELB-n
=655  \4$adoslovy
=773  0\$tPolda a jeho soudce$gS. 477-500$q1996<477$91996
=787  08$aFrýbová, Zdena$tPolda a jeho soudce$b1. vydání$dPraha : Šulc a spol., 1996$h499 s.$z80-85636-54-9$4román
=910  \\$aABB060
=964  \\$a03.15.02
=964  \\$a05
=964  \\$aB80
=995  \\$aČeská Literární Bibliografie
=FMT  AN
=OWN  \\$aUCLA
=SIF  \\$ass
=ZAR  \\$s503 s.$hromán
=ZAZ  \\$d1996$s1996$l477

