=LDR  01634naa a22004094a 4500
=001  001559931
=003  CZ\PrUCL
=005  20200408170448.0
=008  170104s1996\\\\xr\\\\\\\\\\\\|||\||cze\d
=035  \\$a(ISIS-B80-ID)B9047787
=035  \\$a(ISIS-B80-MFN)95932
=040  \\$aABB060$bcze
=072  \7$a821.162.3.09$xČeská literatura (o ní)$2Konspekt$911
=100  1\$aBohdanová, Blanka$d(1930-2021)$7jn19981000298$1http://viaf.org/viaf/79422562
=245  10$aMůj milý čtenáři,... /$cBlanka Bohdanová.
=380  \\$iMajor genre$aLiterature$leng
=381  \\$iMajor genre$aOther$leng
=520  2\$aPředmluva.
=524  \\$aBOHDANOVÁ, Blanka: Můj milý čtenáři, . In: Bohdan, Josef: Josífek. Z otcovy literární pozůstalosti vybrala Blanka Bohdanová. Praha : Primus, 1996, s. 5-6.
=600  17$aBohdan, Josef$d(1896-1969)$7jn20000728057$2czenas$1http://viaf.org/viaf/40235893
=600  17$aBohdanová, Blanka$d(1930-2021)$7jn19981000298$2czenas$1http://viaf.org/viaf/79422562
=648  \4$a1901-2000$xOPRAVA UCL
=650  07$ačeská próza$7ph116861$2czenas
=650  07$ačeské spisovatelky$7ph128153$2czenas
=650  \7$aCzech literature$2ELB-n
=655  \7$apředmluvy$7fd202214$2czenas
=773  0\$tJosífek$gS. 5-6$q1996<5$91996
=787  08$aBohdan, Josef$tJosífek$nZ otcovy literární pozůstalosti vybrala Blanka Bohdanová$dPraha : Primus, 1996$h163 s.$z80-85625-62-8$4kniha pamětí
=910  \\$aABB060
=964  \\$a03.05.02
=964  \\$a05
=964  \\$aB80
=995  \\$aČeská Literární Bibliografie
=FMT  AN
=OWN  \\$aUCLA
=SIF  \\$ass
=ZAZ  \\$d1996$s1996$l5

