=LDR  01515naa a22004214a 4500
=001  001560233
=003  CZ\PrUCL
=005  20200409162531.0
=008  170104s1996\\\\xr\\\\\\\\\\\\|||\||cze\d
=035  \\$a(ISIS-B80-ID)B9047479
=035  \\$a(ISIS-B80-MFN)96234
=040  \\$aABB060$bcze
=072  \7$a821.162.3.09$xČeská literatura (o ní)$2Konspekt$911
=245  00$aJolana Kastenová :$b(* 20. 6. 1966, Praha).
=380  \\$iMajor genre$aSecondary literature$leng
=500  \\$aNepodepsáno.
=520  2\$aBiografická poznámka o autorce básnické sbírky, otištěné jako příloha časopisu Tvar 7, 1996, č. 10, 9. 5.
=524  \\$aJolana Kastenová : (* 20. 6. 1966, Praha). In: Kastenová, Jolana: Básníci na čundru. Praha : Tvar, 1996, s. 2.
=600  14$aKastenová, Jolana,$d1966-
=648  \7$a1991-2000$7ch460587$2czenas
=650  07$ačeská poezie$7ph150471$2czenas
=650  07$ačeské spisovatelky$7ph128153$2czenas
=650  \7$aCzech literature$2ELB-n
=650  \7$aPoetry$2ELB-g
=655  \4$abiografické poznámky
=773  0\$tBásníci na čundru$gS. 2$q1996<2$91996
=787  08$aKastenová, Jolana$tBásníci na čundru$dPraha : Tvar, 1996$k(Edice Tvary ; sv. 10)$h32 s.$4básnická sbírka
=787  08$tTvar$4časopis
=910  \\$aABB060
=964  \\$a03.15.01
=964  \\$a05
=964  \\$aB80
=995  \\$aČeská Literární Bibliografie
=FMT  AN
=OWN  \\$aUCLA
=SIF  \\$agd
=ZAR  \\$s32 s.$hbásnická sbírka
=ZAZ  \\$d1996$s1996$l2

