=LDR  02017naa a22004214a 4500
=001  001560394
=003  CZ\PrUCL
=005  20200406231733.0
=008  170104s1996\\\\xr\\\\\\\\\\\\|||\||cze\d
=035  \\$a(ISIS-B80-ID)B9047599
=035  \\$a(ISIS-B80-MFN)96395
=040  \\$aABB060$bcze
=072  \7$a82$xLiteratura. Literární život$2Konspekt$911
=080  \\$a(046)$2MRF
=100  1\$aBerková, Alexandra$d(1949-2008)$7jk01011850$1http://viaf.org/viaf/53328719
=245  10$aV pondělí 13. května ve 14.00 hod proběhlo v pražské Viole slavnostní vyhlášení vítězů druhého ročníku literární soutěže pro studenty středních a základních škol "O cenu Danny Smiřického" 1996... /$cAlexandra Berková.
=380  \\$iMajor genre$aSecondary literature$leng
=520  2\$aÚvodní poznámka k antologii prací oceněných v soutěži O cenu Dannyho Smiřického 1996; vydáno jako příloha časopisu Tvar 7, 1996, č. 12, 6. 6.
=524  \\$aBERKOVÁ, Alexandra: V pondělí 13. května ve 14. 00 hod proběhlo v pražské Viole slavnostní vyhlášení vítězů druhého ročníku literární soutěže pro studenty středních a základních škol "O cenu Danny Smiřického" 1996. In: Danny Smiřický 96. Praha : Tvar, 1996, s. 3-4.
=611  27$aO cenu Dannyho Smiřického (soutěž)$7kn20090424026$2czenas
=648  \7$a1991-2000$7ch460587$2czenas
=650  07$aliterární ceny$7ph564301$2czenas
=650  07$ačeská literatura$7ph116858$2czenas
=650  \7$aCzech literature$2ELB-n
=655  \4$aúvody
=773  0\$tDanny Smiřický 96$gS. 3-4$q1996<3$91996
=787  08$tDanny Smiřický 96 : oceněné práce - I$dPraha : Tvar, 1996$k(Edice Tvary ; sv. 11)$h32 s.$4antologie
=787  08$tO cenu Dannyho Smiřického$4antologie
=787  08$tTvar$4časopis
=910  \\$aABB060
=964  \\$a02.10.03
=964  \\$a03.15
=964  \\$aB80
=995  \\$aČeská Literární Bibliografie
=FMT  AN
=OWN  \\$aUCLA
=SIF  \\$agd
=ZAZ  \\$d1996$s1996$l3

