=LDR  01894naa a22004454a 4500
=001  001560446
=003  CZ\PrUCL
=005  20190628172927.0
=008  170104s1994\\\\xr\\\\\\\\\\\\|||\||cze\d
=035  \\$a(ISIS-B80-ID)B9048208
=035  \\$a(ISIS-B80-MFN)96447
=040  \\$aABB060$bcze
=100  1\$aKoukal, Pavel$d(1944-2014)$7jk01062303$1http://viaf.org/viaf/70254435
=245  10$aUmělec čistého srdce /$cPavel Koukal.
=380  \\$iMajor genre$aSecondary literature$leng
=520  2\$aDoslov k poslední, posmrtně vydané sbírce básníka a malíře H. Z. (21. 8. 1931 - 14. 6. 1992); se závěrečnou poznámkou o nakladatelství Kapucín (s. 93, napsala: Bartošková Věra).
=524  \\$aKOUKAL, Pavel: Umělec čistého srdce. In: Zelenka, Horymír: Spanilé jaro. Duchcov : Kapucín, nakladatelství Společnosti přátel města Duchcova, 1994, s. 87-92.
=600  17$aBartošková, Věra$d(1946- )$7jo20000075603$2czenas$1http://viaf.org/viaf/39797449
=600  17$aZelenka, Horymír$d(1931-1992)$7jk01152368$2czenas$1http://viaf.org/viaf/83973470
=610  27$aNakladatelství Kapucín$7xx0146137$2czenas
=648  \7$a1981-1990$7ch460586$2czenas
=650  04$anakladatelské otázky$xOPRAVA UCL
=650  07$aosobnosti$7ph115615$2czenas
=650  07$ačeská poezie$7ph150471$2czenas
=650  \7$aCzech literature$2ELB-n
=650  \7$aPoetry$2ELB-g
=655  \4$adoslovy$xOPRAVA UCL
=773  0\$tSpanilé jaro$gS. 87-92$q1994<87$91994
=787  08$aZelenka, Horymír$tSpanilé jaro$h98 s.$dDuchcov : Kapucín, nakladatelství Společnosti přátel města Duchcova, 1994$4sbírka básní
=910  \\$aABB060
=964  \\$a02.09.01
=964  \\$a03.14.01
=964  \\$a05
=964  \\$aB80
=995  \\$aČeská Literární Bibliografie
=FMT  AN
=OWN  \\$aUCLA
=SIF  \\$ass
=ZAR  \\$s98 s.$hsbírka básní
=ZAZ  \\$d1994$s1994$l87

