=LDR  01435naa a22003974a 4500
=001  001560447
=003  CZ\PrUCL
=005  20210310131605.0
=008  080818s1993\\\\xr\\\\\\\\\\\\|||\||cze\d
=035  \\$a(ISIS-B80-ID)B9048209
=035  \\$a(ISIS-B80-MFN)96448
=040  \\$aABB060$bcze
=100  1\$aUhdeová, Jitka$d(1942- )$7jo2003163178$4aut$1http://viaf.org/viaf/39798135
=245  10$aEdiční poznámka /$cJitka Uhdeová.
=380  \\$iMajor genre$aSecondary literature$leng
=524  \\$aUHDEOVÁ, Jitka: Ediční poznámka. In: Šafařík, Josef: Sedm listů Melinovi. Brno : Atlantis, 1993, s. 272.
=600  14$aŠafařík, Josef$xOPRAVA UCL
=648  \7$a1941-1950$7ch460582$2czenas
=650  07$afilozofie$7ph114540$2czenas
=650  07$aosobnosti$7ph115615$2czenas
=650  07$ačeská próza$7ph116861$2czenas
=650  \7$aCzech literature$2ELB-n
=655  \4$aediční poznámky$xOPRAVA UCL
=773  0\$tSedm listů Melinovi$gS. 272$q1993<272$91993
=787  08$aŠafařík, Josef$tSedm listů Melinovi : Z dopisů příteli přírodovědci$h276 s.$b2., upravené vydání$dBrno : Atlantis, 1993$4soubor filozofických esejů
=910  \\$aABB060
=964  \\$a02.06
=964  \\$a03.10.02
=964  \\$a05
=964  \\$aB80
=995  \\$aČeská Literární Bibliografie
=FMT  AN
=OWN  \\$aUCLA
=SIF  \\$ass
=ZAR  \\$s276 s.$hsoubor filozofických esejů
=ZAZ  \\$d1993$s1993$l272

