=LDR  01400naa a22003974a 4500
=001  001560449
=003  CZ\PrUCL
=005  20200505180552.0
=008  170104s1996\\\\xr\\\\\\\\\\\\|||\||cze\d
=035  \\$a(ISIS-B80-ID)B9048211
=035  \\$a(ISIS-B80-MFN)96450
=040  \\$aABB060$bcze
=072  \7$a821.162.3.09$xČeská literatura (o ní)$2Konspekt$911
=100  1\$aVolf, Honza$d(1955- )$7jn19981002346$4aut$1http://viaf.org/viaf/21766416
=245  10$aDoslov /$cHonza Volf.
=380  \\$iMajor genre$aSecondary literature$leng
=520  2\$aAutorský doslov.
=524  \\$aVOLF, Honza: Doslov. In: Volf, Honza: Propletence. Praha : Honza Volf, 1996, s. 135-136.
=600  17$aVolf, Honza$d(1955- )$7jn19981002346$2czenas$1http://viaf.org/viaf/21766416
=648  \7$a1991-2000$7ch460587$2czenas
=650  07$ačeská poezie$7ph150471$2czenas
=650  \7$aCzech literature$2ELB-n
=650  \7$aPoetry$2ELB-g
=655  \4$adoslovy
=773  0\$tPropletence$gS. 135-136$91996
=787  08$aVolf, Honza$tPropletence$dPraha : Honza Volf, 1996$k(Klub Mezi lidskými hovny z knihovny Honzy Volfa ; sv. 4)$h141 s.$z80-902128-0-8$4sbírka básní
=910  \\$aABB060
=964  \\$a03.15.01
=964  \\$a05
=964  \\$aB80
=995  \\$aČeská Literární Bibliografie
=FMT  AN
=OWN  \\$aUCLA
=SIF  \\$ass
=ZAR  \\$s142 s.$hsbírka básní
=ZAZ  \\$d1996$s1996$l135

