=LDR  02396naa a22005054a 4500
=001  001560450
=003  CZ\PrUCL
=005  20200505193555.0
=008  170104s1995\\\\xr\\\\\\\\\\\\|||\||cze\d
=035  \\$a(ISIS-B80-ID)B9048212
=035  \\$a(ISIS-B80-MFN)96451
=040  \\$aABB060$bcze
=072  \7$a821.162.3.09$xČeská literatura (o ní)$2Konspekt$911
=080  \\$a2-64-722$2MRF
=080  \\$a272$2MRF
=100  1\$aČerný, Václav$d(1905-1987)$4aut$xOPRAVA UCL$1http://viaf.org/viaf/17220404
=245  10$aK Verlainově Moudrosti /$cVáclav Černý.
=380  \\$iMajor genre$aSecondary literature$leng
=500  \\$aKniha byla přeložena z francouzského originálu "La Sagesse" (Paris, Albert Messein 1923, poprvé 1881).
=520  2\$aDoslov převzatý ze samizdatového vydání Koptova překladu (Edice Expedice, 1983; knižně in: V. Černý, V zúženém prostoru, Praha, Mladá fronta 1994); mj. srovnání s překladem J. Tkadlece (vl. jm. Samuel Verner), jehož část vydal J. Deml pod názvem "Rozhovor duše s tělem".
=524  \\$aČERNÝ, Václav: K Verlainově Moudrosti. In: Verlaine, Paul: Moudrost. Přeložil Petr Kopta. Praha : Aurora, [1995], s. 99-103.
=600  17$aDeml, Jakub$d(1878-1961)$7jk01022199$2czenas$1http://viaf.org/viaf/46772698
=600  17$aKopta, Petr$d(1927-1983)$7jk01061756$2czenas$1http://viaf.org/viaf/29165826
=600  17$aTkadlec, Jozef$d(1897-1976)$7jk01132526$2czenas$1http://viaf.org/viaf/171961877
=600  17$aVerlaine, Paul$d(1844-1896)$7jn19990008767$2czenas$1http://viaf.org/viaf/4937684
=650  07$afrancouzská poezie$7ph120367$2czenas
=650  07$akatolicismus$7ph121523$2czenas
=650  07$aliterární pseudonymy$7ph122391$2czenas
=650  07$apřekladatelství$7ph124891$2czenas
=650  07$azměna vyznání$7ph799434$2czenas
=650  \7$aFrench literature$2ELB-n
=650  \7$aPoetry$2ELB-g
=655  \4$adoslovy
=773  0\$tMoudrost$gS. 99-103$q1995<99$91995
=787  08$aVerlaine, Paul$tMoudrost$nPřeložil Petr Kopta$b1. vydání$dPraha : Aurora, [1995]$k(Edice světových autorů ; sv. 6)$h105 s.$z80-85974-04-5$4sbírka básní
=910  \\$aABB060
=964  \\$a02.08
=964  \\$a04.07.01
=964  \\$aB80
=995  \\$aČeská Literární Bibliografie
=FMT  AN
=OWN  \\$aUCLA
=SIF  \\$ass
=ZAR  \\$s109 s.$hsbírka básní
=ZAZ  \\$d1995$s1995$l99

