=LDR  01871naa a22004334a 4500
=001  001560451
=003  CZ\PrUCL
=005  20200515155440.0
=008  170104s1995\\\\xr\\\\\\\\\\\\|||\||cze\d
=035  \\$a(ISIS-B80-ID)B9048213
=035  \\$a(ISIS-B80-MFN)96452
=040  \\$aABB060$bcze
=072  \7$a821.162.3.09$xČeská literatura (o ní)$2Konspekt$911
=100  1\$aKopecký, Milan$d(1925-2006)$7jk01061680$4aut$1http://viaf.org/viaf/102325606
=245  10$aSlovo v baroku /$cMilan Kopecký.
=380  \\$iMajor genre$aSecondary literature$leng
=520  2\$aDoslov ke sbírce, poprvé vydané v roce 1740; s vydavatelskými poznámkami M. Kopeckého (s. 171-175) a poznámkou "Ke Koniášovým pramenům a pomůckám" (s. 176-179).
=524  \\$aKOPECKÝ, Milan - KOPECKÝ, Milan: Slovo v baroku. In: Koniáš, Antonín: Vejtažní naučení. Ed. Milan Kopecký. Brno : Blok, 1995, s. 155-170.
=600  17$aKoniáš, Antonín$d(1691-1760)$7jk01061522$2czenas$1http://viaf.org/viaf/810982
=600  17$aKopecký, Milan$d(1925-2006)$7jk01061680$2czenas$1http://viaf.org/viaf/102325606
=650  04$astarší česká próza
=650  07$abaroko$7ph118766$2czenas
=650  07$ahomiletika$7ph120791$2czenas
=650  07$ajezuité$7ph121349$2czenas
=655  \4$adoslovy
=655  \7$apoznámky$7fd133108$2czenas
=700  1\$aKopecký, Milan$d(1925-2006)$4aut$7jk01061680$1http://viaf.org/viaf/102325606
=773  0\$tVejtažní naučení$gS. 155-170$91995
=787  08$aKoniáš, Antonín$tVejtažní naučení$nEd. Milan Kopecký$b1. vydání$dBrno : Blok, 1995$h185 s.$z80-7029-117-6$4soubor kázání
=910  \\$aABB060
=964  \\$a03.02.02
=964  \\$a05
=964  \\$aB80
=995  \\$aČeská Literární Bibliografie
=FMT  AN
=OWN  \\$aUCLA
=SIF  \\$ass
=ZAR  \\$s187 s.$hsoubor kázání
=ZAZ  \\$d1995$s1995$l155

