=LDR  01715naa a22003974a 4500
=001  001560452
=003  CZ\PrUCL
=005  20180802231329.0
=008  170104s1992\\\\xr\\\\\\\\\\\\|||\||cze\d
=035  \\$a(ISIS-B80-ID)B9048214
=035  \\$a(ISIS-B80-MFN)96453
=040  \\$aABB060$bcze
=100  1\$aLopatka, Jan$d(1940-1993)$7jk01072390$1http://viaf.org/viaf/2529800
=245  10$aPoznámka editora /$cJan Lopatka.
=380  \\$iMajor genre$aSecondary literature$leng
=500  \\$aNa titulním listě vročení 1983.
=524  \\$aLOPATKA, Jan: Poznámka editora. In: Havel, Václav: Dopisy Olze. K vydání připravil Jan Lopatka ; doslov O psaní dopisů napsal Jiří Dienstbier. Brno : Atlantis, 1992, s. 389-395.
=600  17$aDienstbier, Jiří$d(1937-2011)$7jn99240000163$2czenas$1http://viaf.org/viaf/34522870
=600  17$aHavel, Václav$d(1936-2011)$7jk01040240$2czenas$1http://viaf.org/viaf/109312616
=600  17$aLopatka, Jan$d(1940-1993)$7jk01072390$2czenas$1http://viaf.org/viaf/2529800
=648  \7$a1981-1990$7ch460586$2czenas
=650  07$aosobnosti$7ph115615$2czenas
=650  07$ačeská próza$7ph116861$2czenas
=650  \7$aCzech literature$2ELB-n
=655  \4$aediční poznámky
=773  0\$tDopisy Olze$gS. 389-395$q1992<389$91992
=787  08$aHavel, Václav$tDopisy Olze : červen 1979 - září 1982$nK vydání připravil Jan Lopatka ; doslov O psaní dopisů napsal Jiří Dienstbier$b2., opravené vydání$dBrno : Atlantis, 1992$h399 s.$4soubor korespondence
=910  \\$aABB060
=964  \\$a03.14.02
=964  \\$a05
=964  \\$aB80
=995  \\$aČeská Literární Bibliografie
=FMT  AN
=OWN  \\$aUCLA
=SIF  \\$ass
=ZAZ  \\$d1992$s1992$l389

