=LDR  01557naa a22004094a 4500
=001  001560453
=003  CZ\PrUCL
=005  20200515234049.0
=008  170104s1995\\\\xr\\\\\\\\\\\\|||\||cze\d
=035  \\$a(ISIS-B80-ID)B9048215
=035  \\$a(ISIS-B80-MFN)96454
=040  \\$aABB060$bcze
=072  \7$a821.162.3.09$xČeská literatura (o ní)$2Konspekt$911
=100  1\$aKříž, Jiří P$d(1947- )$7jk01070152$4aut$1http://viaf.org/viaf/33352477
=245  10$aKacířem v lyrické sezóně /$cJiří P. Kříž.
=380  \\$iMajor genre$aSecondary literature$leng
=520  2\$aDoslov; s autorským edičním dovětkem (s. 79).
=524  \\$aKŘÍŽ, Jiří Pavel: Kacířem v lyrické sezóně. In: Žáček, Jiří: Lyrická sezóna. Opava : Optys, 1995, s. 80-83.
=600  17$aŽáček, Jiří$d(1945- )$7jk01152946$2czenas$1http://viaf.org/viaf/24882325
=648  \7$a1951-2000$7ch460577$2czenas
=650  07$ačeská poezie$7ph150471$2czenas
=650  \7$aCzech literature$2ELB-n
=650  \7$aPoetry$2ELB-g
=655  \4$adoslovy
=655  \4$aediční poznámky
=773  0\$tLyrická sezóna$gS. 80-83$91995
=787  08$aŽáček, Jiří$tLyrická sezóna : padesát básní$b1. vydání$dOpava : Optys, 1995$k(Kruh české literatury)$k(Královna)$h83 s.$z80-85819-51-1$4výbor z básní
=910  \\$aABB060
=964  \\$a03.16.01
=964  \\$a05
=964  \\$aB80
=995  \\$aČeská Literární Bibliografie
=FMT  AN
=OWN  \\$aUCLA
=SIF  \\$ass
=ZAR  \\$s88 s.$hvýbor z básní
=ZAZ  \\$d1995$s1995$l80

