=LDR  04055naa a22006974a 4500
=001  001560454
=003  CZ\PrUCL
=005  20200406232017.0
=008  040419s1996\\\\gw\\\\\\\\\\\\|||\||cze\d
=035  \\$a(ISIS-B80-ID)B9048216
=035  \\$a(ISIS-B80-MFN)96455
=040  \\$aABB060$bcze
=072  \7$a821.112.2.09$xNěmecká literatura, německy psaná (o ní)$2Konspekt$911
=100  1\$aArnold, Heinz Ludwig$d(1940-2011)$7jn19990000260$1http://viaf.org/viaf/99383910
=245  10$aZur deutschsprachigen Literatur in den böhmischen Kronländern /$cHeinz Arnold.
=380  \\$iMajor genre$aSecondary literature$leng
=380  \\$iMajor genre$aLiterature$leng
=381  \\$iMajor genre$aOther$leng
=520  2\$aPředmluva k antologii z děl B. Bolzana, Ch. Sealsfielda (K. A. Postl), A. Stiftera, K. H. Máchy, M. Hartmanna, A. Meissnera, L. Komperta, A. Nittela, M. von Ebner-Eschenbachové, J. J. Davida, G. Leutelta, A. Günthera a H. Watzlika; s bio-bibliografickými poznámkami o zastoupených autorech.
=524  \\$aARNOLD, Heinz Ludwig: Zur deutschsprachigen Literatur in den böhmischen Kronländern. In: Uferdasein. Herausgegeber Heinz Arnold, Hans Zeidler. Bautzen : Lusatia Verlag Dr. Stübner & Co. KG, 1996, s. 25-33.
=600  17$aArnold, Heinz Ludwig$d(1940-2011)$7jn19990000260$2czenas$1http://viaf.org/viaf/99383910
=600  17$aBolzano, Bernard$d(1781-1848)$7jk01012602$2czenas$1http://viaf.org/viaf/24615537
=600  17$aDavid, Jakob Julius$d(1859-1906)$7ola200201558$2czenas$1http://viaf.org/viaf/9944462
=600  17$aEbner-Eschenbach, Marie von$d(1830-1916)$7jn19990001964$2czenas$1http://viaf.org/viaf/51684049
=600  17$aGünther, Anton$d(1876-1937)$7xx0051599$2czenas$1http://viaf.org/viaf/37711139
=600  17$aHartmann, Moritz$d(1821-1872)$7xx0002981$2czenas$1http://viaf.org/viaf/102343304
=600  17$aKompert, Leopold$d(1822-1886)$7jk01061455$2czenas$1http://viaf.org/viaf/41936648
=600  17$aLeutelt, Gustav$d(1860-1947)$7jo2001100437$2czenas$1http://viaf.org/viaf/40188022
=600  17$aMeißner, Alfred$d(1822-1885)$7nlk20010092728$2czenas$1http://viaf.org/viaf/23495
=600  17$aMácha, Karel Hynek$d(1810-1836)$7jk01072915$2czenas$1http://viaf.org/viaf/95263761
=600  17$aNittel, Anton$d(1826-1907)$7jx20050629033$2czenas$1http://viaf.org/viaf/90909438
=600  17$aPeřina, Josef$d(1945-2020)$7pna2006334552$2czenas$1http://viaf.org/viaf/25389807
=600  17$aPostl, Karl$d(1793-1864)$7xx0214127$2czenas$1http://viaf.org/viaf/18146708105900840619
=600  17$aSealsfield, Charles$d(1793-1864)$7jn19981002124$2czenas$1http://viaf.org/viaf/12395794
=600  17$aSkála, Emil$d(1928-2005)$7jk01111410$2czenas$1http://viaf.org/viaf/57411973
=600  17$aStifter, Adalbert$d(1805-1868)$7jn19990009997$2czenas$1http://viaf.org/viaf/22149114
=600  17$aVeselý, Otakar$d(1932-2008)$7jk01142206$2czenas$1http://viaf.org/viaf/55298116
=600  17$aWatzlik, Hans$d(1879-1948)$7jk01151436$2czenas$1http://viaf.org/viaf/59880516
=600  17$aZeidler, Hans$d(1931- )$7xx0193611$2czenas$1http://viaf.org/viaf/37853817
=650  07$adějiny české literatury$7ph483973$2czenas
=650  07$aliterární komparatistika$7ph137146$2czenas
=650  07$aněmecká literatura$7ph117246$2czenas
=650  \7$aCzech literature$2ELB-n
=650  \7$aGerman literature$2ELB-n
=651  \7$aMorava (Česko)$7ge130070$2czenas
=651  \7$aČechy (Česko)$7ge135869$2czenas
=655  \4$abio-bibliografické poznámky
=655  \7$apředmluvy$7fd202214$2czenas
=773  0\$tUferdasein$gS. 25-33$q1996<25$91996
=787  08$tUferdasein : deutschsprachige Literatur in Böhmen$nHerausgegeber Heinz Arnold, Hans Zeidler$dBautzen : Lusatia Verlag Dr. Stübner & Co. KG, 1996$h306 s.$z3-929091-34-8$4antologie
=910  \\$aABB060
=964  \\$a02.07
=964  \\$a03.01
=964  \\$a04.17
=964  \\$aB80
=964  \\$aMBK
=995  \\$aČeská Literární Bibliografie
=FMT  AN
=OWN  \\$aUCLA
=SIF  \\$ass
=ZAZ  \\$d1996$s1996$l25

