=LDR  01447naa a22003974a 4500
=001  001560500
=003  CZ\PrUCL
=005  20191211142351.0
=008  150214s1993\\\\xr\\\\\\\\\\\\|||\||cze\d
=035  \\$a(ISIS-B80-ID)B9048262
=035  \\$a(ISIS-B80-MFN)96501
=040  \\$aABB060$bcze
=100  1\$aKrušina, Zdeněk$d(1963-2018)$7xx0000147$4aut$1http://viaf.org/viaf/85308070
=245  10$aDoslov /$cZdeněk Krušina.
=380  \\$iMajor genre$aSecondary literature$leng
=524  \\$aKRUŠINA, Zdeněk: Doslov. In: Walterová, Věra: Černý rytíř. Vlašim : Benefit, 1993, s. 59-62.
=600  17$aWalterová, Věra$7xx0178934$2czenas$1http://viaf.org/viaf/305387084
=648  \7$a1991-2000$7ch460587$2czenas
=650  07$aosobnosti$7ph115615$2czenas
=650  07$ačeská próza$7ph116861$2czenas
=650  \7$aCzech literature$2ELB-n
=651  \7$aKutná Hora (Česko : oblast)$7ge129718$2czenas
=651  \7$aPodblanicko (Česko)$7ge138592$2czenas
=655  \4$adoslovy$xOPRAVA UCL
=773  0\$tČerný rytíř$gS. 59-62$q1993<59$91993
=787  08$aWalterová, Věra$tČerný rytíř : Povídky z historie Podblanicka a Kutnohorska$h63 s.$dVlašim : Benefit, 1993$4soubor povídek
=910  \\$aABB060
=964  \\$a03.15.02
=964  \\$a05
=964  \\$aB80
=995  \\$aČeská Literární Bibliografie
=FMT  AN
=OWN  \\$aUCLA
=SIF  \\$ass
=ZAR  \\$s63 s.$hsoubor povídek
=ZAZ  \\$d1993$s1993$l59

