=LDR  01654naa a22004214a 4500
=001  001560534
=003  CZ\PrUCL
=005  20200415194031.0
=008  170104s1996\\\\xr\\\\\\\\\\\\|||\||cze\d
=035  \\$a(ISIS-B80-ID)B9048296
=035  \\$a(ISIS-B80-MFN)96535
=040  \\$aABB060$bcze
=072  \7$a821.162.3.09$xČeská literatura (o ní)$2Konspekt$911
=080  \\$a(0:82-94)$2MRF
=100  1\$aMládek, Ivan$d(1942- )$7jk01081874$4aut$1http://viaf.org/viaf/83601398
=245  10$aFrantišek Ringo Čech /$cIvan Mládek.
=380  \\$iMajor genre$aLiterature$leng
=381  \\$iMajor genre$aOther$leng
=520  2\$aMedailon autora.
=524  \\$aMLÁDEK, Ivan: František Ringo Čech. In: Čech, František Ringo: Češky a jejich samci. 2. Praha : Jaroslav Ředina, 1996, s. 239.
=600  17$aČech, František Ringo$d(1943- )$7jn19990209112$2czenas$1http://viaf.org/viaf/11049653
=648  \7$a1991-2000$7ch460587$2czenas
=650  07$ačeská próza$7ph116861$2czenas
=650  07$ačeští spisovatelé$7ph128175$2czenas
=650  \7$aCzech literature$2ELB-n
=655  \7$amedailony$7fd185951$2czenas
=773  0\$tČešky a jejich samci. 2$gS. 239$q1996<239$91996
=787  08$aČech, František Ringo$tČešky a jejich samci. 2, Další pravdivé příběhy ze života českých vlastenců a vlastenek$b1. vydání$dPraha : Jaroslav Ředina, 1996$h239 s.$z80-902150-0-9$4soubor próz
=910  \\$aABB060
=964  \\$a03.15.02
=964  \\$a05
=964  \\$aB80
=995  \\$aČeská Literární Bibliografie
=FMT  AN
=OWN  \\$aUCLA
=SIF  \\$ass
=ZAR  \\$s240 s.$hsoubor próz
=ZAZ  \\$d1996$s1996$l239

