=LDR  01661naa a22004454a 4500
=001  001560535
=003  CZ\PrUCL
=005  20200408193024.0
=008  170104s1996\\\\xr\\\\\\\\\\\\|||\||cze\d
=035  \\$a(ISIS-B80-ID)B9048297
=035  \\$a(ISIS-B80-MFN)96536
=040  \\$aABB060$bcze
=072  \7$a821.162.3.09$xČeská literatura (o ní)$2Konspekt$911
=080  \\$a(046)$2MRF
=080  \\$a(0:82-94)$2MRF
=100  1\$aFischl, Viktor$d(1912-2006)$7jo19990047113$1http://viaf.org/viaf/93611328
=245  10$aAutor o knize. - Autor o sobě /$cViktor Fischl.
=380  \\$iMajor genre$aLiterature$leng
=381  \\$iMajor genre$aOther$leng
=520  2\$aPředmluva; 1. vydání knihy vyšlo v Curychu u Polygon-Verlag roku 1982.
=524  \\$aFISCHL, Viktor: Autor o knize. - Autor o sobě. In: Fischl, Viktor: Hrací hodiny. Brno : Atlantis, 1996, přední a zadní záložka.
=600  17$aFischl, Viktor$d(1912-2006)$7jo19990047113$2czenas$1http://viaf.org/viaf/93611328
=648  \7$a1981-1990$7ch460586$2czenas
=650  07$ačeská próza$7ph116861$2czenas
=650  07$ačeští spisovatelé$7ph128175$2czenas
=650  \7$aCzech literature$2ELB-n
=655  \7$amedailony$7fd185951$2czenas
=655  \7$apředmluvy$7fd202214$2czenas
=773  0\$tHrací hodiny$gPřední a zadní záložka$91996
=787  08$aFischl, Viktor$tHrací hodiny$b2. vydání$dBrno : Atlantis, 1996$h129 s.$z80-7108-119-1$4próza
=910  \\$aABB060
=964  \\$a03.14.02
=964  \\$a05
=964  \\$aB80
=995  \\$aČeská Literární Bibliografie
=FMT  AN
=OWN  \\$aUCLA
=SIF  \\$ass
=ZAR  \\$s130 s.$hpróza
=ZAZ  \\$d1996

