=LDR  01779naa a22004334a 4500
=001  001560536
=003  CZ\PrUCL
=005  20200512001233.0
=008  170104s1995\\\\xr\\\\\\\\\\\\|||\||cze\d
=035  \\$a(ISIS-B80-ID)B9048298
=035  \\$a(ISIS-B80-MFN)96537
=040  \\$aABB060$bcze
=072  \7$a821.162.3.09$xČeská literatura (o ní)$2Konspekt$911
=080  \\$a(047.6)$2MRF
=100  1\$aJurák, Miloslav$d(1921-2020)$7mzk2006317951$4aut$1http://viaf.org/viaf/65969598
=245  10$aIvan Remunda /$cMiloslav Jurák.
=380  \\$iMajor genre$aSecondary literature$leng
=520  2\$aPoznámka o autorovi; s textem "Podzimní déšť se rozšuměl" od L. Ryšavé (s. 6). - Kapitolu poslední (s. 101-108) napsal Zdeněk Přichystal.
=524  \\$aJURÁK, Miloslav - RYŠAVÁ, Lia: Ivan Remunda. In: Remunda, Ivan: Bosou nohou. Boskovice : Albert, 1995, zadní strana přebalu.
=600  14$aPřichystal, Zdeněk
=600  17$aRemunda, Ivan$d(1934- )$7jn19990009968$2czenas$1http://viaf.org/viaf/18949813
=648  \7$a1991-2000$7ch460587$2czenas
=650  07$ačeská próza$7ph116861$2czenas
=650  07$ačeští spisovatelé$7ph128175$2czenas
=650  \7$aCzech literature$2ELB-n
=655  \7$apoznámky$7fd133108$2czenas
=700  1\$aRyšavá, Lia$d(1950- )$4aut$7jx20120125016$1http://viaf.org/viaf/230389902
=773  0\$tBosou nohou$gZadní strana přebalu$91995
=787  08$aRemunda, Ivan$tBosou nohou : naši, Alka, mí bráchové a já$dBoskovice : Albert, 1995$h108 s.$z80-85834-31-6$4kniha vzpomínek
=910  \\$aABB060
=964  \\$a03.15.02
=964  \\$a05
=964  \\$aB80
=995  \\$aČeská Literární Bibliografie
=FMT  AN
=OWN  \\$aUCLA
=SIF  \\$ass
=ZAR  \\$s110 s.$hkniha vzpomínek
=ZAZ  \\$d1995

