=LDR  01624naa a22004214a 4500
=001  001560537
=003  CZ\PrUCL
=005  20200408220937.0
=008  170104s1996\\\\xr\\\\\\\\\\\\|||\||cze\d
=035  \\$a(ISIS-B80-ID)B9048299
=035  \\$a(ISIS-B80-MFN)96538
=040  \\$aABB060$bcze
=072  \7$a821.162.3.09$xČeská literatura (o ní)$2Konspekt$911
=245  00$aJiřina Fuchsová se narodila...
=380  \\$iMajor genre$aSecondary literature$leng
=500  \\$aNepodepsáno.
=520  2\$aBio-bibliografická poznámka o autorce, publikující též pod pseudonymem Hynek Král; sbírka "Měsíce" vyšla poprvé r. 1977 v Los Angeles.
=524  \\$aJiřina Fuchsová se narodila. In: Fuchsová, Jiřina: Měsíce. Třebíč : Arca JiMfa, 1996, 3. s. přebalu.
=600  17$aFuchsová, Jiřina$d(1943- )$7jk01032139$2czenas$1http://viaf.org/viaf/66880429
=648  \7$a1971-1980$7ch460585$2czenas
=650  07$aliterární pseudonymy$7ph122391$2czenas
=650  07$ačeská poezie$7ph150471$2czenas
=650  07$ačeské spisovatelky$7ph128153$2czenas
=650  \7$aCzech literature$2ELB-n
=650  \7$aPoetry$2ELB-g
=655  \4$abio-bibliografické poznámky
=773  0\$tMěsíce$g3. s. přebalu$q1996<3$91996
=787  08$aFuchsová, Jiřina$tMěsíce$b1. vydání$dTřebíč : Arca JiMfa, 1996$h[20] s.$z80-85766-70-1$4sbírka básní
=910  \\$aABB060
=964  \\$a03.13.01
=964  \\$a05
=964  \\$aB80
=995  \\$aČeská Literární Bibliografie
=FMT  AN
=OWN  \\$aUCLA
=SIF  \\$ass
=ZAR  \\$s[20] s. Volné listy$hsbírka básní
=ZAZ  \\$d1996$s1996$l3

