=LDR  01356naa a22003974a 4500
=001  001560538
=003  CZ\PrUCL
=005  20200408173507.0
=008  170104s1996\\\\xr\\\\\\\\\\\\|||\||cze\d
=035  \\$a(ISIS-B80-ID)B9048300
=035  \\$a(ISIS-B80-MFN)96539
=040  \\$aABB060$bcze
=072  \7$a821.162.3.09$xČeská literatura (o ní)$2Konspekt$911
=245  00$aMiloš Doležal se narodil...
=380  \\$iMajor genre$aSecondary literature$leng
=500  \\$aNepodepsáno.
=520  2\$aBio-bibliografická poznámka o autorovi.
=524  \\$aMiloš Doležal se narodil. In: Doležal, Miloš: Obec. Brno : Atlantis, 1996, s. 80.
=600  17$aDoležal, Miloš$d(1970- )$7jn19990218015$2czenas$1http://viaf.org/viaf/34359804
=648  \7$a1991-2000$7ch460587$2czenas
=650  07$ačeská poezie$7ph150471$2czenas
=650  07$ačeští spisovatelé$7ph128175$2czenas
=650  \7$aCzech literature$2ELB-n
=650  \7$aPoetry$2ELB-g
=655  \4$abio-bibliografické poznámky
=773  0\$tObec$gS. 80$q1996<80$91996
=787  08$aDoležal, Miloš$tObec$b1. vydání$dBrno : Atlantis, 1996$h77 s.$z80-7108-141-8$4sbírka básní
=910  \\$aABB060
=964  \\$a03.15.01
=964  \\$a05
=964  \\$aB80
=995  \\$aČeská Literární Bibliografie
=FMT  AN
=OWN  \\$aUCLA
=SIF  \\$ass
=ZAZ  \\$d1996$s1996$l80

