=LDR  01789naa a22004214a 4500
=001  001560539
=003  CZ\PrUCL
=005  20200409002029.0
=008  170104s1996\\\\xr\\\\\\\\\\\\|||\||cze\d
=035  \\$a(ISIS-B80-ID)B9048301
=035  \\$a(ISIS-B80-MFN)96540
=040  \\$aABB060$bcze
=072  \7$a94(437)$xDějiny Česka a Slovenska$2Konspekt$98
=080  \\$a(047.6)$2MRF
=100  1\$aIvanov, Miroslav$d(1929-1999)$7jk01050574$4aut$1http://viaf.org/viaf/19691033
=245  10$aNa vysvětlenou aneb Autorská poznámka /$cMiroslav Ivanov.
=380  \\$iMajor genre$aSecondary literature$leng
=520  2\$aS kapitolou Co nebylo řečeno před 'listopadem 1989' (s. 462-478); s úryvky z recenzí ze světového tisku (1. vydání 1963, 2. vydání 1987).
=524  \\$aIVANOV, Miroslav: Na vysvětlenou aneb Autorská poznámka. In: Ivanov, Miroslav: Atentát na Reinharda Heydricha. Opava : Optys, 1996, s. 479-480.
=600  17$aIvanov, Miroslav$d(1929-1999)$7jk01050574$2czenas$1http://viaf.org/viaf/19691033
=648  \7$a1961-1970$7ch460584$2czenas
=648  \7$a1991-2000$7ch460587$2czenas
=650  07$ačeská próza$7ph116861$2czenas
=650  \7$aCzech literature$2ELB-n
=655  \7$apoznámky$7fd133108$2czenas
=773  0\$tAtentát na Reinharda Heydricha$gS. 479-480$q1996<479$91996
=787  08$aIvanov, Miroslav$tAtentát na Reinharda Heydricha$b1. vydání v nakladatelství Optys$dOpava : Optys, 1996$k(Kruh české literatury)$h482 s.$z80-85819-49-X$4kniha literatury faktu
=910  \\$aABB060
=964  \\$a03.12.02
=964  \\$a03.15.02
=964  \\$a05
=964  \\$aB80
=995  \\$aČeská Literární Bibliografie
=FMT  AN
=OWN  \\$aUCLA
=SIF  \\$ass
=ZAR  \\$s488 s.$hkniha literatury faktu
=ZAZ  \\$d1996$s1996$l479

