=LDR  01870naa a22004454a 4500
=001  001560540
=003  CZ\PrUCL
=005  20200408225347.0
=008  170104s1996\\\\xr\\\\\\\\\\\\|||\||cze\d
=035  \\$a(ISIS-B80-ID)B9048302
=035  \\$a(ISIS-B80-MFN)96541
=040  \\$aABB060$bcze
=072  \7$a821.112.2.09$xNěmecká literatura, německy psaná (o ní)$2Konspekt$911
=100  1\$aGoldstücker, Eduard$d(1913-2000)$7jk01032520$1http://viaf.org/viaf/67263810
=245  10$aVýpravy za tajemstvím lidského soužití /$cEduard Goldstücker.
=380  \\$iMajor genre$aSecondary literature$leng
=520  2\$aDoslov.
=524  \\$aGOLDSTÜCKER, Eduard: Výpravy za tajemstvím lidského soužití. In: Kafka, Franz: Dopis otci. Přeložili Gabriela Veselá, Jiří Veselý. Praha : Akropolis, 1996, s. 217-226.
=600  17$aKafka, Franz$d(1883-1924)$7jn19990218037$2czenas$1http://viaf.org/viaf/56611857
=600  17$aVeselá, Gabriela$d(1947- )$7jk01142088$2czenas$1http://viaf.org/viaf/57289968
=600  17$aVeselý, Jiří$d(1932-2009)$7jk01142173$2czenas$1http://viaf.org/viaf/83954765
=648  \4$a1901-1920$xOPRAVA UCL
=650  07$aněmecká próza$7ph123499$2czenas
=650  07$ačeská próza$7ph116861$2czenas
=650  \7$aGerman literature$2ELB-n
=650  \7$aCzech literature$2ELB-n
=655  \4$adoslovy
=773  0\$tDopis otci$gS. 217-226$q1996<217$91996
=787  08$aKafka, Franz$tDopis otci : a jiné částečné povídky : nepřeložené prózy$nPřeložili Gabriela Veselá, Jiří Veselý$dPraha : Akropolis, 1996$h227 s.$z80-85770-33-4$4soubor próz
=910  \\$aABB060
=964  \\$a03.07.02
=964  \\$a04.17.02
=964  \\$a05
=964  \\$aB80
=995  \\$aČeská Literární Bibliografie
=FMT  AN
=OWN  \\$aUCLA
=SIF  \\$ass
=ZAR  \\$s231 s.$hsoubor próz
=ZAZ  \\$d1996$s1996$l217

