=LDR  01483naa a22004334a 4500
=001  001560541
=003  CZ\PrUCL
=005  20200408230347.0
=008  170104s1996\\\\xr\\\\\\\\\\\\|||\||cze\d
=035  \\$a(ISIS-B80-ID)B9048303
=035  \\$a(ISIS-B80-MFN)96542
=040  \\$aABB060$bcze
=072  \7$a821.162.3.09$xČeská literatura (o ní)$2Konspekt$911
=080  \\$a(047.6)$2MRF
=245  00$aJaroslav Hovorka.
=380  \\$iMajor genre$aSecondary literature$leng
=500  \\$aNepodepsáno.
=520  2\$aPoznámka o autorovi.
=524  \\$aJaroslav Hovorka. In: Hovorka, Jaroslav: Erotikon. Praha : Marsyas, 1996, s. 2.
=600  17$aHovorka, Jaroslav$d(1925-2009)$7jk01042517$2czenas$1http://viaf.org/viaf/18902143
=648  \7$a1991-2000$7ch460587$2czenas
=650  07$aerotika$7ph119988$2czenas
=650  07$ačeská literatura$7ph116858$2czenas
=650  07$ačeští spisovatelé$7ph128175$2czenas
=650  \7$aCzech literature$2ELB-n
=655  \7$apoznámky$7fd133108$2czenas
=773  0\$tErotikon$gS. 2$q1996<2$91996
=787  08$aHovorka, Jaroslav$tErotikon : 500 hesel z dějin sexuality$b1. vydání$dPraha : Marsyas, 1996$h205 s.$z80-901275-6-8$4soubor aforistických hesel
=910  \\$aABB060
=964  \\$a02.06
=964  \\$a03.15
=964  \\$a05
=964  \\$aB80
=995  \\$aČeská Literární Bibliografie
=FMT  AN
=OWN  \\$aUCLA
=SIF  \\$ass
=ZAR  \\$s206 s.$hsoubor aforistických hesel
=ZAZ  \\$d1996$s1996$l2

