=LDR  02442naa a22004694a 4500
=001  001560550
=003  CZ\PrUCL
=005  20200418004718.0
=008  170104s1996\\\\xr\\\\\\\\\\\\|||\||cze\d
=035  \\$a(ISIS-B80-ID)B9048312
=035  \\$a(ISIS-B80-MFN)96551
=040  \\$aABB060$bcze
=072  \7$a821.162.3.09$xČeská literatura (o ní)$2Konspekt$911
=080  \\$a(047.6)$2MRF
=100  1\$aŠkvorecký, Josef$d(1924-2012)$7jk01130413$4aut$1http://viaf.org/viaf/83176668
=245  10$aAutorská poznámka /$cJosef Škvorecký.
=380  \\$iMajor genre$aSecondary literature$leng
=520  2\$aAutorské poznámky k souboru 15 povídek (7 publikováno knižně poprvé, ostatní většinou z knihy "Hořkej svět") a novely "Neuilly"; s ediční poznámkou V. Justla (s. 311) a textologickou poznámkou O. Hausenblase (s. 312-313). - Svazek tvoří nedílný celek se souborem "Nové canterburské povídky a jiné příběhy" (Sebrané spisy J. Š., sv. 3) - do dvou svazků rozděleno kvůli rozsahu.
=524  \\$aŠKVORECKÝ, Josef - HAUSENBLAS, Ondřej - JUSTL, Vladimír et al.: Autorská poznámka. In: Škvorecký, Josef: Neuilly a jiné příběhy. Praha : Ivo Železný, 1996, s. 309-310.
=600  17$aŠkvorecký, Josef$d(1924-2012)$7jk01130413$2czenas$1http://viaf.org/viaf/83176668
=648  \7$a1951-2000$7ch460577$2czenas
=650  07$ačeská próza$7ph116861$2czenas
=650  \7$aCzech literature$2ELB-n
=655  \4$aediční poznámky
=655  \4$atextologické poznámky
=655  \7$apoznámky$7fd133108$2czenas
=700  1\$aHausenblas, Ondřej$d(1954- )$4aut$7jn99240000269$1http://viaf.org/viaf/61701703
=700  1\$aJustl, Vladimír$d(1928-2010)$4aut$7jk01052278$1http://viaf.org/viaf/23360932
=773  0\$tNeuilly a jiné příběhy$gS. 309-310$q1996<309$91996
=787  08$aŠkvorecký, Josef$tHořkej svět$4soubor povídek
=787  08$aŠkvorecký, Josef$tNeuilly a jiné příběhy$b1. vydání v tomto celku$dPraha : Ivo Železný, 1996$k(Spisy Josefa Škvoreckého ; sv. 4)$h311 s.$z80-237-2206-9$4soubor povídek a novel
=787  08$aŠkvorecký, Josef$tNové canterburské povídky a jiné příběhy$4soubor povídek
=910  \\$aABB060
=964  \\$a03.16.02
=964  \\$a05
=964  \\$aB80
=995  \\$aČeská Literární Bibliografie
=FMT  AN
=OWN  \\$aUCLA
=SIF  \\$ass
=ZAR  \\$s318 s.$hsoubor povídek a novel
=ZAZ  \\$d1996$s1996$l309

