=LDR  01612naa a22004094a 4500
=001  001561086
=003  CZ\PrUCL
=005  20200601121554.0
=008  170104s1995\\\\xr\\\\\\\\\\\\|||\||cze\d
=035  \\$a(ISIS-B80-ID)B9048802
=035  \\$a(ISIS-B80-MFN)97087
=040  \\$aABB060$bcze
=072  \7$a821.162.3.09$xČeská literatura (o ní)$2Konspekt$911
=080  \\$a(0:82-95)$2MRF
=100  1\$aSuchomel, Milan$d(1928- )$7jk01121717$4aut$1http://viaf.org/viaf/9979500
=245  10$aZasmějte se včerejšku /$cMilan Suchomel.
=380  \\$iMajor genre$aSecondary literature$leng
=520  2\$aRecenze; přetištěno z: Host do domu 1, 1954, č. 5, s. 222-223.
=524  \\$aSUCHOMEL, Milan: Zasmějte se včerejšku. In: Suchomel, Milan: Co zbylo z recenzenta. Brno : Vetus Via, 1995, s. 11-13.
=600  17$aMarek, Jiří$d(1914-1994)$7jk01080125$2czenas$1http://viaf.org/viaf/96942718
=648  \7$a1951-1960$7ch460583$2czenas
=650  07$asatirická literatura$7ph123502$2czenas
=650  07$ačeská próza$7ph116861$2czenas
=650  \7$aCzech literature$2ELB-n
=655  \7$arecenze$7fd133231$2czenas
=773  0\$aSuchomel, Milan$tCo zbylo z recenzenta$dBrno : Vetus Via, 1995$z80-902024-2-X$gS. 11-13$91995
=787  08$iRecenze na:$aMarek, Jiří$tZasmějte se včerejšku$b1. vydání$dPraha : Práce, 1953$k(Dikobraz ; sv. 25)$h152 s.$4soubor próz
=910  \\$aABB060
=964  \\$a03.11.02
=964  \\$a05
=964  \\$aB80
=995  \\$aČeská Literární Bibliografie
=FMT  AN
=OWN  \\$aUCLA
=SIF  \\$ass
=ZAR  \\$hsoubor satir
=ZAZ  \\$d1995$s1995$l11

