=LDR  01716naa a22004094a 4500
=001  001561087
=003  CZ\PrUCL
=005  20200531173351.0
=008  170104s1995\\\\xr\\\\\\\\\\\\|||\||cze\d
=035  \\$a(ISIS-B80-ID)B9048803
=035  \\$a(ISIS-B80-MFN)97088
=040  \\$aABB060$bcze
=072  \7$a821.162.3.09$xČeská literatura (o ní)$2Konspekt$911
=080  \\$a(0:82-95)$2MRF
=100  1\$aSuchomel, Milan$d(1928- )$7jk01121717$4aut$1http://viaf.org/viaf/9979500
=245  10$aBásnířka mládí /$cMilan Suchomel.
=380  \\$iMajor genre$aSecondary literature$leng
=520  2\$aRecenze; přetištěno z: Host do domu 3, 1956, č. 9, s. 410-411.
=524  \\$aSUCHOMEL, Milan: Básnířka mládí. In: Suchomel, Milan: Co zbylo z recenzenta. Brno : Vetus Via, 1995, s. 13-16.
=600  17$aEis, Zdeněk$d(1930-2009)$7jk01030355$2czenas$1http://viaf.org/viaf/293394410
=600  17$aPujmanová, Marie$d(1893-1958)$7jk01101703$2czenas$1http://viaf.org/viaf/3697562
=648  \7$a1901-1950$7ch460576$2czenas
=650  07$ačeská próza$7ph116861$2czenas
=650  \7$aCzech literature$2ELB-n
=655  \7$arecenze$7fd133231$2czenas
=773  0\$aSuchomel, Milan$tCo zbylo z recenzenta$dBrno : Vetus Via, 1995$z80-902024-2-X$gS. 13-16$91995
=787  08$iRecenze na:$aPujmanová, Marie$tPovídky z městského sadu a jiné prózy$nEd. Zdeněk Eis$b1. vydání$dPraha : Československý spisovatel, 1956$k(Dílo Marie Pujmanové ; sv. 2)$h237 s.$4soubor próz
=910  \\$aABB060
=964  \\$a03.06.02
=964  \\$a05
=964  \\$aB80
=995  \\$aČeská Literární Bibliografie
=FMT  AN
=OWN  \\$aUCLA
=SIF  \\$ass
=ZAR  \\$hsoubor próz
=ZAZ  \\$d1995$s1995$l13

