=LDR  01641naa a22004334a 4500
=001  001561088
=003  CZ\PrUCL
=005  20200601121438.0
=008  170104s1995\\\\xr\\\\\\\\\\\\|||\||cze\d
=035  \\$a(ISIS-B80-ID)B9048804
=035  \\$a(ISIS-B80-MFN)97089
=040  \\$aABB060$bcze
=072  \7$a821.162.3.09$xČeská literatura (o ní)$2Konspekt$911
=080  \\$a(0:82-95)$2MRF
=100  1\$aSuchomel, Milan$d(1928- )$7jk01121717$4aut$1http://viaf.org/viaf/9979500
=245  10$aNový prozaik? /$cMilan Suchomel.
=380  \\$iMajor genre$aSecondary literature$leng
=520  2\$aRecenze; přetištěno z: Rovnost, 1. 2. 1958, s. 4.
=524  \\$aSUCHOMEL, Milan: Nový prozaik?. In: Suchomel, Milan: Co zbylo z recenzenta. Brno : Vetus Via, 1995, s. 16-17.
=600  17$aLustig, Arnošt$d(1926-2011)$7jk01072683$2czenas$1http://viaf.org/viaf/109645153
=648  \7$a1951-1960$7ch460583$2czenas
=650  04$aprvotiny
=650  07$ačeská povídka$7ph128146$2czenas
=650  07$ačeská próza$7ph116861$2czenas
=650  \7$aCzech literature$2ELB-n
=650  \7$aShort story$2ELB-g
=655  \7$arecenze$7fd133231$2czenas
=773  0\$aSuchomel, Milan$tCo zbylo z recenzenta$dBrno : Vetus Via, 1995$z80-902024-2-X$gS. 16-17$91995
=787  08$iRecenze na:$aLustig, Arnošt$tNoc a naděje$b1. vydání$dPraha : Naše vojsko, 1958$k(Nové knihy ; sv. 1)$h159 s.$4soubor povídek
=910  \\$aABB060
=964  \\$a03.11.02
=964  \\$a05
=964  \\$aB80
=995  \\$aČeská Literární Bibliografie
=FMT  AN
=OWN  \\$aUCLA
=SIF  \\$ass
=ZAR  \\$hsoubor povídek
=ZAZ  \\$d1995$s1995$l16

