=LDR  01690naa a22004214a 4500
=001  001561089
=003  CZ\PrUCL
=005  20200601121419.0
=008  170104s1995\\\\xr\\\\\\\\\\\\|||\||cze\d
=035  \\$a(ISIS-B80-ID)B9048805
=035  \\$a(ISIS-B80-MFN)97090
=040  \\$aABB060$bcze
=072  \7$a821.162.3.09$xČeská literatura (o ní)$2Konspekt$911
=080  \\$a(0:82-95)$2MRF
=100  1\$aSuchomel, Milan$d(1928- )$7jk01121717$4aut$1http://viaf.org/viaf/9979500
=245  10$aRomán o poúnorové emigraci /$cMilan Suchomel.
=380  \\$iMajor genre$aSecondary literature$leng
=520  2\$aRecenze; přetištěno z: Nový život 10, 1958, č. 2, s. 143-147.
=524  \\$aSUCHOMEL, Milan: Román o poúnorové emigraci. In: Suchomel, Milan: Co zbylo z recenzenta. Brno : Vetus Via, 1995, s. 17-20.
=600  17$aPluhař, Zdeněk$d(1913-1991)$7jk01093515$2czenas$1http://viaf.org/viaf/47571204
=648  \7$a1951-1960$7ch460583$2czenas
=650  07$aemigrace$7ph137593$2czenas
=650  07$ačeská próza$7ph116861$2czenas
=650  07$ačeský román$7ph128149$2czenas
=650  \7$aCzech literature$2ELB-n
=655  \7$arecenze$7fd133231$2czenas
=773  0\$aSuchomel, Milan$tCo zbylo z recenzenta$dBrno : Vetus Via, 1995$z80-902024-2-X$gS. 17-20$91995
=787  08$iRecenze na:$aPluhař, Zdeněk$tOpustíš-li mne$nIlustrace Karel Teissig$b1. vydání$dPraha : Československý spisovatel, 1957$k(Žatva ; sv. 238)$h478 s.$4román
=910  \\$aABB060
=964  \\$a03.11.02
=964  \\$a05
=964  \\$aB80
=995  \\$aČeská Literární Bibliografie
=FMT  AN
=OWN  \\$aUCLA
=SIF  \\$ass
=ZAR  \\$hromán
=ZAZ  \\$d1995$s1995$l17

