=LDR  01650naa a22004214a 4500
=001  001561091
=003  CZ\PrUCL
=005  20200601121304.0
=008  170104s1995\\\\xr\\\\\\\\\\\\|||\||cze\d
=035  \\$a(ISIS-B80-ID)B9048807
=035  \\$a(ISIS-B80-MFN)97092
=040  \\$aABB060$bcze
=072  \7$a821.162.3.09$xČeská literatura (o ní)$2Konspekt$911
=080  \\$a(0:82-95)$2MRF
=100  1\$aSuchomel, Milan$d(1928- )$7jk01121717$4aut$1http://viaf.org/viaf/9979500
=245  10$aZrcátkem pravdu nelapíš /$cMilan Suchomel.
=380  \\$iMajor genre$aSecondary literature$leng
=520  2\$aRecenze; přetištěno z: Host do domu 6, 1959, č. 2, s. 87.
=524  \\$aSUCHOMEL, Milan: Zrcátkem pravdu nelapíš. In: Suchomel, Milan: Co zbylo z recenzenta. Brno : Vetus Via, 1995, s. 22-23.
=600  17$aHodačová, Helena$d(1916-1998)$7jk01041443$2czenas$1http://viaf.org/viaf/45766472
=648  \7$a1951-1960$7ch460583$2czenas
=650  07$ačeská povídka$7ph128146$2czenas
=650  07$ačeská próza$7ph116861$2czenas
=650  \7$aCzech literature$2ELB-n
=650  \7$aShort story$2ELB-g
=655  \7$arecenze$7fd133231$2czenas
=773  0\$aSuchomel, Milan$tCo zbylo z recenzenta$dBrno : Vetus Via, 1995$z80-902024-2-X$gS. 22-23$91995
=787  08$iRecenze na:$aHodačová, Helena$tKapesní zrcátko$b1. vydání$dPraha : Československý spisovatel, 1958$h116 s.$4soubor povídek
=910  \\$aABB060
=964  \\$a03.11.02
=964  \\$a05
=964  \\$aB80
=995  \\$aČeská Literární Bibliografie
=FMT  AN
=OWN  \\$aUCLA
=SIF  \\$ass
=ZAR  \\$hsoubor povídek
=ZAZ  \\$d1995$s1995$l22

