=LDR  01582naa a22003974a 4500
=001  001561093
=003  CZ\PrUCL
=005  20200531191451.0
=008  170104s1995\\\\xr\\\\\\\\\\\\|||\||cze\d
=035  \\$a(ISIS-B80-ID)B9048809
=035  \\$a(ISIS-B80-MFN)97094
=040  \\$aABB060$bcze
=072  \7$a821.162.3.09$xČeská literatura (o ní)$2Konspekt$911
=080  \\$a(0:82-95)$2MRF
=100  1\$aSuchomel, Milan$d(1928- )$7jk01121717$4aut$1http://viaf.org/viaf/9979500
=245  10$aVandrovní knížka satirikova /$cMilan Suchomel.
=380  \\$iMajor genre$aSecondary literature$leng
=520  2\$aRecenze; přetištěno z: Host do domu 6, 1959, č. 11, s. 513-514.
=524  \\$aSUCHOMEL, Milan: Vandrovní knížka satirikova. In: Suchomel, Milan: Co zbylo z recenzenta. Brno : Vetus Via, 1995, s. 25-27.
=600  17$aLacina, Václav$d(1906-1993)$7jk01071358$2czenas$1http://viaf.org/viaf/1432835
=648  \7$a1951-1960$7ch460583$2czenas
=650  07$ačeská próza$7ph116861$2czenas
=650  \7$aCzech literature$2ELB-n
=655  \7$arecenze$7fd133231$2czenas
=773  0\$aSuchomel, Milan$tCo zbylo z recenzenta$dBrno : Vetus Via, 1995$z80-902024-2-X$gS. 25-27$91995
=787  08$iRecenze na:$aLacina, Václav$tVandrovní knížka$nIlustrace Vilém Reichmann$b1. vydání$dPraha : Československý spisovatel, 1959$h89 s.$4próza
=910  \\$aABB060
=964  \\$a03.11.02
=964  \\$a05
=964  \\$aB80
=995  \\$aČeská Literární Bibliografie
=FMT  AN
=OWN  \\$aUCLA
=SIF  \\$ass
=ZAR  \\$hpróza
=ZAZ  \\$d1995$s1995$l25

