=LDR  01896naa a22004694a 4500
=001  001561095
=003  CZ\PrUCL
=005  20200601121135.0
=008  170104s1995\\\\xr\\\\\\\\\\\\|||\||cze\d
=035  \\$a(ISIS-B80-ID)B9048811
=035  \\$a(ISIS-B80-MFN)97096
=040  \\$aABB060$bcze
=072  \7$a821.162.3.09$xČeská literatura (o ní)$2Konspekt$911
=080  \\$a(0:82-95)$2MRF
=100  1\$aSuchomel, Milan$d(1928- )$7jk01121717$4aut$1http://viaf.org/viaf/9979500
=245  10$aVčerejšek znovu jen glosovaný /$cMilan Suchomel.
=380  \\$iMajor genre$aSecondary literature$leng
=520  2\$aRecenze dvou uvedených próz K. Houby; přetištěno z: Host do domu 17, 1960, č. 2, s. 92.
=524  \\$aSUCHOMEL, Milan: Včerejšek znovu jen glosovaný. In: Suchomel, Milan: Co zbylo z recenzenta. Brno : Vetus Via, 1995, s. 28-29.
=600  17$aHouba, Karel$d(1920-1999)$7jk01042439$2czenas$1http://viaf.org/viaf/15179219
=648  \7$a1951-1960$7ch460583$2czenas
=648  \7$a1961-1970$7ch460584$2czenas
=650  07$ačeská novela$7ph384549$2czenas
=650  07$ačeská próza$7ph116861$2czenas
=650  07$ačeský román$7ph128149$2czenas
=650  \7$aCzech literature$2ELB-n
=650  \7$aNovella$2ELB-g
=655  \7$arecenze$7fd133231$2czenas
=773  0\$aSuchomel, Milan$tCo zbylo z recenzenta$dBrno : Vetus Via, 1995$z80-902024-2-X$gS. 28-29$91995
=787  08$iRecenze na:$aHouba, Karel$tOdklad$b1. vydání$dPraha : Svobodné slovo - Melantrich, 1958$h230 s.$4román
=787  08$iRecenze na:$aHouba, Karel$tPo noci jitro$b1. vydání$dPraha : Svobodné slovo - Melantrich, 1958$h109 s.$4novela
=910  \\$aABB060
=964  \\$a03.11.02
=964  \\$a03.12.02
=964  \\$a05
=964  \\$aB80
=995  \\$aČeská Literární Bibliografie
=FMT  AN
=OWN  \\$aUCLA
=SIF  \\$ass
=ZAR  \\$hnovela
=ZAZ  \\$d1995$s1995$l28

