=LDR  01749naa a22004334a 4500
=001  001561096
=003  CZ\PrUCL
=005  20200601121054.0
=008  170104s1995\\\\xr\\\\\\\\\\\\|||\||cze\d
=035  \\$a(ISIS-B80-ID)B9048812
=035  \\$a(ISIS-B80-MFN)97097
=040  \\$aABB060$bcze
=072  \7$a821.162.3.09$xČeská literatura (o ní)$2Konspekt$911
=080  \\$a(0:82-95)$2MRF
=100  1\$aSuchomel, Milan$d(1928- )$7jk01121717$4aut$1http://viaf.org/viaf/9979500
=245  10$aNeffův paradox: historická autobiografie /$cMilan Suchomel.
=380  \\$iMajor genre$aSecondary literature$leng
=520  2\$aRecenze 3. dílu pentalogie; přetištěno z: Host do domu 7, 1960, č. 3, s. 139.
=524  \\$aSUCHOMEL, Milan: Neffův paradox: historická autobiografie. In: Suchomel, Milan: Co zbylo z recenzenta. Brno : Vetus Via, 1995, s. 29-32.
=600  17$aNeff, Vladimír$d(1909-1983)$7jk01082908$2czenas$1http://viaf.org/viaf/40174449
=648  \7$a1951-1960$7ch460583$2czenas
=650  07$ahistorický román$7ph119169$2czenas
=650  07$ačeská próza$7ph116861$2czenas
=650  07$ačeský román$7ph128149$2czenas
=650  \7$aHistorical fiction$2ELB-g
=650  \7$aCzech literature$2ELB-n
=655  \7$arecenze$7fd133231$2czenas
=773  0\$aSuchomel, Milan$tCo zbylo z recenzenta$dBrno : Vetus Via, 1995$z80-902024-2-X$gS. 29-32$91995
=787  08$iRecenze na:$aNeff, Vladimír$tZlá krev$b1. vydání$dPraha : Československý spisovatel, 1959$k(Žatva ; sv. 267)$h393 s.$4román
=910  \\$aABB060
=964  \\$a03.11.02
=964  \\$a05
=964  \\$aB80
=995  \\$aČeská Literární Bibliografie
=FMT  AN
=OWN  \\$aUCLA
=SIF  \\$ass
=ZAR  \\$hromán
=ZAZ  \\$d1995$s1995$l29

