=LDR  01630naa a22004214a 4500
=001  001561098
=003  CZ\PrUCL
=005  20200531214249.0
=008  170104s1995\\\\xr\\\\\\\\\\\\|||\||cze\d
=035  \\$a(ISIS-B80-ID)B9048814
=035  \\$a(ISIS-B80-MFN)97099
=040  \\$aABB060$bcze
=072  \7$a821.162.3.09$xČeská literatura (o ní)$2Konspekt$911
=080  \\$a(0:82-95)$2MRF
=100  1\$aSuchomel, Milan$d(1928- )$7jk01121717$4aut$1http://viaf.org/viaf/9979500
=245  10$aDílčí vítězství /$cMilan Suchomel.
=380  \\$iMajor genre$aSecondary literature$leng
=520  2\$aRecenze; přetištěno z: Host do domu 7, 1960, č. 10, s. 475.
=524  \\$aSUCHOMEL, Milan: Dílčí vítězství. In: Suchomel, Milan: Co zbylo z recenzenta. Brno : Vetus Via, 1995, s. 33-34.
=600  17$aNauman, Pavel$d(1907-1976)$7jk01082725$2czenas$1http://viaf.org/viaf/83836090
=648  \7$a1961-1970$7ch460584$2czenas
=650  07$ačeská povídka$7ph128146$2czenas
=650  07$ačeská próza$7ph116861$2czenas
=650  \7$aCzech literature$2ELB-n
=650  \7$aShort story$2ELB-g
=655  \7$arecenze$7fd133231$2czenas
=773  0\$aSuchomel, Milan$tCo zbylo z recenzenta$dBrno : Vetus Via, 1995$z80-902024-2-X$gS. 33-34$91995
=787  08$iRecenze na:$aNauman, Pavel$tMenší zvířata$b1. vydání$dPraha : Československý spisovatel, 1960$h179 s.$4soubor povídek
=910  \\$aABB060
=964  \\$a03.12.02
=964  \\$a05
=964  \\$aB80
=995  \\$aČeská Literární Bibliografie
=FMT  AN
=OWN  \\$aUCLA
=SIF  \\$ass
=ZAR  \\$htři povídky
=ZAZ  \\$d1995$s1995$l33

