=LDR  01896naa a22004334a 4500
=001  001561099
=003  CZ\PrUCL
=005  20200531154848.0
=008  170104s1995\\\\xr\\\\\\\\\\\\|||\||cze\d
=035  \\$a(ISIS-B80-ID)B9048815
=035  \\$a(ISIS-B80-MFN)97100
=040  \\$aABB060$bcze
=072  \7$a821.162.3.09$xČeská literatura (o ní)$2Konspekt$911
=080  \\$a(0:82-95)$2MRF
=100  1\$aSuchomel, Milan$d(1928- )$7jk01121717$4aut$1http://viaf.org/viaf/9979500
=245  10$aPříležitostná díla básníkovy zralosti /$cMilan Suchomel.
=380  \\$iMajor genre$aSecondary literature$leng
=520  2\$aRecenze svazku obsahujícího cestopisy "Jugoslávské kolo" (1956), "Projíždíš novým Polskem" (1952) a "Na černé hodince" (1953); přetištěno z: Host do domu 7, 1960, č. 12, s. 569-570, podepsáno ms.
=524  \\$aSUCHOMEL, Milan: Příležitostná díla básníkovy zralosti. In: Suchomel, Milan: Co zbylo z recenzenta. Brno : Vetus Via, 1995, s. 34-35.
=600  17$aKonrád, Karel$d(1899-1971)$7jk01061568$2czenas$1http://viaf.org/viaf/100734216
=648  \7$a1951-1960$7ch460583$2czenas
=648  \7$a1961-1970$7ch460584$2czenas
=650  07$acestopisy$7ph119108$2czenas
=650  07$ačeská próza$7ph116861$2czenas
=650  \7$aCzech literature$2ELB-n
=655  \7$arecenze$7fd133231$2czenas
=773  0\$aSuchomel, Milan$tCo zbylo z recenzenta$dBrno : Vetus Via, 1995$z80-902024-2-X$gS. 34-35$91995
=787  08$iRecenze na:$aKonrád, Karel$tOkouzlení lidem a zemí$b1. vydání$dPraha : Československý spisovatel, 1960$k(Dílo Karla Konráda ; sv. 7)$h259 s.$4soubor cestopisů
=910  \\$aABB060
=964  \\$a03.11.02
=964  \\$a03.12.02
=964  \\$a05
=964  \\$aB80
=995  \\$aČeská Literární Bibliografie
=FMT  AN
=OWN  \\$aUCLA
=SIF  \\$ass
=ZAR  \\$htři cestopisy
=ZAZ  \\$d1995$s1995$l34

