=LDR  02164naa a22004814a 4500
=001  001561100
=003  CZ\PrUCL
=005  20200531214217.0
=008  170104s1995\\\\xr\\\\\\\\\\\\|||\||cze\d
=035  \\$a(ISIS-B80-ID)B9048816
=035  \\$a(ISIS-B80-MFN)97101
=040  \\$aABB060$bcze
=072  \7$a821.162.3.09$xČeská literatura (o ní)$2Konspekt$911
=080  \\$a(0:82-95)$2MRF
=100  1\$aSuchomel, Milan$d(1928- )$7jk01121717$4aut$1http://viaf.org/viaf/9979500
=245  10$aHistorický román a současnost /$cMilan Suchomel.
=380  \\$iMajor genre$aSecondary literature$leng
=520  2\$aRecenze dvou románů o životě J. A. Komenského, tj. "Osud národa" (1957) a "Poutník v Amsterodamu" (1960); přetištěno z: Host do domu 8, 1961, č. 4, s. 183.
=524  \\$aSUCHOMEL, Milan: Historický román a současnost. In: Suchomel, Milan: Co zbylo z recenzenta. Brno : Vetus Via, 1995, s. 35-37.
=600  17$aComenius, Johann Amos$d(1592-1670)$7jk01061444$2czenas$1http://viaf.org/viaf/29835535
=600  17$aHanuš, Miroslav$d(1907-1995)$7jk01033490$2czenas$1http://viaf.org/viaf/68154361
=648  \7$a1951-1960$7ch460583$2czenas
=648  \7$a1961-1970$7ch460584$2czenas
=650  07$ahistorický román$7ph119169$2czenas
=650  07$ačeská próza$7ph116861$2czenas
=650  07$ačeský román$7ph128149$2czenas
=650  \7$aHistorical fiction$2ELB-g
=650  \7$aCzech literature$2ELB-n
=655  \7$arecenze$7fd133231$2czenas
=773  0\$aSuchomel, Milan$tCo zbylo z recenzenta$dBrno : Vetus Via, 1995$z80-902024-2-X$gS. 35-37$91995
=787  08$iRecenze na:$aHanuš, Miroslav$tOsud národa$b1. vydání$dPraha : Československý spisovatel, 1957$h668, [4] s., [8] s. obr. příl.$4román
=787  08$iRecenze na:$aHanuš, Miroslav$tPoutník v Amsterodamu$b1. vydání$dPraha : Československý spisovatel, 1960$h491, [6] s., [10] s. obr. příl.$4román
=910  \\$aABB060
=964  \\$a03.11.02
=964  \\$a03.12.02
=964  \\$a05
=964  \\$aB80
=995  \\$aČeská Literární Bibliografie
=FMT  AN
=OWN  \\$aUCLA
=SIF  \\$ass
=ZAR  \\$hromán
=ZAZ  \\$d1995$s1995$l35

