=LDR  01762naa a22004094a 4500
=001  001561101
=003  CZ\PrUCL
=005  20200531212826.0
=008  170104s1995\\\\xr\\\\\\\\\\\\|||\||cze\d
=035  \\$a(ISIS-B80-ID)B9048817
=035  \\$a(ISIS-B80-MFN)97102
=040  \\$aABB060$bcze
=072  \7$a821.162.3.09$xČeská literatura (o ní)$2Konspekt$911
=080  \\$a(0:82-95)$2MRF
=100  1\$aSuchomel, Milan$d(1928- )$7jk01121717$4aut$1http://viaf.org/viaf/9979500
=245  10$aJeden debut na dvakrát /$cMilan Suchomel.
=380  \\$iMajor genre$aSecondary literature$leng
=520  2\$aRecenze prózy H. Frankové, též její knihy "Děti platí polovic?" (1961); přetištěno z: Host do domu 8, 1961, č. 9, s. 425-426.
=524  \\$aSUCHOMEL, Milan: Jeden debut na dvakrát. In: Suchomel, Milan: Co zbylo z recenzenta. Brno : Vetus Via, 1995, s. 37-39.
=600  17$aFranková, Hermína$d(1928- )$7jk01031754$2czenas$1http://viaf.org/viaf/15820229
=648  \7$a1961-1970$7ch460584$2czenas
=650  04$aprvotiny
=650  07$ačeská próza$7ph116861$2czenas
=650  \7$aCzech literature$2ELB-n
=655  \7$arecenze$7fd133231$2czenas
=773  0\$aSuchomel, Milan$tCo zbylo z recenzenta$dBrno : Vetus Via, 1995$z80-902024-2-X$gS. 37-39$91995
=787  08$iRecenze na:$aFranková, Hermína$tDěti platí polovic?$b1. vydání$dPraha : Československý spisovatel, 1961$h126 s.$4soubor povídek
=787  08$iRecenze na:$aFranková, Hermína$tŽeny pod helmou$b1. vydání$dPraha : Mladá fronta, 1961$h88 s.$4soubor povídek
=910  \\$aABB060
=964  \\$a03.12.02
=964  \\$a05
=964  \\$aB80
=995  \\$aČeská Literární Bibliografie
=FMT  AN
=OWN  \\$aUCLA
=SIF  \\$ass
=ZAZ  \\$d1995$s1995$l37

