=LDR  01571naa a22004094a 4500
=001  001561106
=003  CZ\PrUCL
=005  20200531212132.0
=008  170104s1995\\\\xr\\\\\\\\\\\\|||\||cze\d
=035  \\$a(ISIS-B80-ID)B9048822
=035  \\$a(ISIS-B80-MFN)97107
=040  \\$aABB060$bcze
=072  \7$a821.162.3.09$xČeská literatura (o ní)$2Konspekt$911
=080  \\$a(0:82-95)$2MRF
=100  1\$aSuchomel, Milan$d(1928- )$7jk01121717$4aut$1http://viaf.org/viaf/9979500
=245  10$aPo deseti letech /$cMilan Suchomel.
=380  \\$iMajor genre$aSecondary literature$leng
=520  2\$aRecenze; přetištěno z: Host do domu 9, 1962, č. 8, s. 373.
=524  \\$aSUCHOMEL, Milan: Po deseti letech. In: Suchomel, Milan: Co zbylo z recenzenta. Brno : Vetus Via, 1995, s. 46-47.
=600  17$aŘezáčová, Ema$d(1903-1997)$7jk01110108$2czenas$1http://viaf.org/viaf/43234817
=648  \7$a1961-1970$7ch460584$2czenas
=650  07$ačeská próza$7ph116861$2czenas
=650  07$ačeský román$7ph128149$2czenas
=650  \7$aCzech literature$2ELB-n
=655  \7$arecenze$7fd133231$2czenas
=773  0\$aSuchomel, Milan$tCo zbylo z recenzenta$dBrno : Vetus Via, 1995$z80-902024-2-X$gS. 46-47$91995
=787  08$iRecenze na:$aŘezáčová, Ema$tJeden a druhý$b1. vydání$dPraha : Československý spisovatel, 1962$h369 s.$4román
=910  \\$aABB060
=964  \\$a03.12.02
=964  \\$a05
=964  \\$aB80
=995  \\$aČeská Literární Bibliografie
=FMT  AN
=OWN  \\$aUCLA
=SIF  \\$ass
=ZAR  \\$hromán
=ZAZ  \\$d1995$s1995$l46

