=LDR  01651naa a22004334a 4500
=001  001561107
=003  CZ\PrUCL
=005  20200531212101.0
=008  170104s1995\\\\xr\\\\\\\\\\\\|||\||cze\d
=035  \\$a(ISIS-B80-ID)B9048823
=035  \\$a(ISIS-B80-MFN)97108
=040  \\$aABB060$bcze
=072  \7$a821.162.3.09$xČeská literatura (o ní)$2Konspekt$911
=080  \\$a(0:82-95)$2MRF
=100  1\$aSuchomel, Milan$d(1928- )$7jk01121717$4aut$1http://viaf.org/viaf/9979500
=245  10$aBez krásy, bez límce /$cMilan Suchomel.
=380  \\$iMajor genre$aSecondary literature$leng
=520  2\$aRecenze; přetištěno z: Host do domu 10, 1963, č. 2, s. 82.
=524  \\$aSUCHOMEL, Milan: Bez krásy, bez límce. In: Suchomel, Milan: Co zbylo z recenzenta. Brno : Vetus Via, 1995, s. 47-48.
=600  17$aBělohradská, Hana$d(1929-2005)$7jk01011467$2czenas$1http://viaf.org/viaf/66648673
=648  \7$a1961-1970$7ch460584$2czenas
=650  04$aprvotiny
=650  07$ačeská novela$7ph384549$2czenas
=650  07$ačeská próza$7ph116861$2czenas
=650  \7$aCzech literature$2ELB-n
=650  \7$aNovella$2ELB-g
=655  \7$arecenze$7fd133231$2czenas
=773  0\$aSuchomel, Milan$tCo zbylo z recenzenta$dBrno : Vetus Via, 1995$z80-902024-2-X$gS. 47-48$91995
=787  08$iRecenze na:$aBělohradská, Hana$tBez krásy, bez límce$b1. vydání$dPraha : Československý spisovatel, 1962$h126 s.$4novela
=910  \\$aABB060
=964  \\$a03.12.02
=964  \\$a05
=964  \\$aB80
=995  \\$aČeská Literární Bibliografie
=FMT  AN
=OWN  \\$aUCLA
=SIF  \\$ass
=ZAR  \\$hnovela
=ZAZ  \\$d1995$s1995$l47

