=LDR  02163naa a22004574a 4500
=001  001561108
=003  CZ\PrUCL
=005  20200531211943.0
=008  170104s1995\\\\xr\\\\\\\\\\\\|||\||cze\d
=035  \\$a(ISIS-B80-ID)B9048824
=035  \\$a(ISIS-B80-MFN)97109
=040  \\$aABB060$bcze
=072  \7$a821.162.3.09$xČeská literatura (o ní)$2Konspekt$911
=080  \\$a(0:82-95)$2MRF
=100  1\$aSuchomel, Milan$d(1928- )$7jk01121717$4aut$1http://viaf.org/viaf/9979500
=245  10$aProudy a zátoky současnosti /$cMilan Suchomel.
=380  \\$iMajor genre$aSecondary literature$leng
=520  2\$aRecenze uvedených knih; přetištěno z: Plamen 5, 1963, č. 2, s. 110-112.
=524  \\$aSUCHOMEL, Milan: Proudy a zátoky současnosti. In: Suchomel, Milan: Co zbylo z recenzenta. Brno : Vetus Via, 1995, s. 48-55.
=600  17$aLustig, Arnošt$d(1926-2011)$7jk01072683$2czenas$1http://viaf.org/viaf/109645153
=600  17$aPetiška, Eduard$d(1924-1987)$7jk01092720$2czenas$1http://viaf.org/viaf/73927668
=600  17$aŠnepp, Luděk$d(1922-1999)$7jk01130665$2czenas$1http://viaf.org/viaf/60739624
=648  \7$a1961-1970$7ch460584$2czenas
=650  07$ačeská próza$7ph116861$2czenas
=650  07$ačeský román$7ph128149$2czenas
=650  \7$aCzech literature$2ELB-n
=655  \7$arecenze$7fd133231$2czenas
=773  0\$aSuchomel, Milan$tCo zbylo z recenzenta$dBrno : Vetus Via, 1995$z80-902024-2-X$gS. 48-55$91995
=787  08$iRecenze na:$aLustig, Arnošt$tDita Saxová$b1. vydání$dPraha : Československý spisovatel, 1962$k(Edice ilustrovaných novel ; sv. 86)$h210 s.$4próza
=787  08$iRecenze na:$aPetiška, Eduard$tPomerančové šaty$b1. vydání$dPraha : Československý spisovatel, 1962$k(Žatva ; sv. 287)$h239 s.$4román
=787  08$iRecenze na:$aŠnepp, Luděk$tSedmkrát na stupni$b1. vydání$dPraha : Československý spisovatel, 1962$k(Život kolem nás ; sv. 26)$h184 s.$4próza
=910  \\$aABB060
=964  \\$a03.12.02
=964  \\$a05
=964  \\$aB80
=995  \\$aČeská Literární Bibliografie
=FMT  AN
=OWN  \\$aUCLA
=SIF  \\$ass
=ZAR  \\$hpróza
=ZAZ  \\$d1995$s1995$l48

