=LDR  01592naa a22003974a 4500
=001  001561109
=003  CZ\PrUCL
=005  20200531170850.0
=008  170104s1995\\\\xr\\\\\\\\\\\\|||\||cze\d
=035  \\$a(ISIS-B80-ID)B9048825
=035  \\$a(ISIS-B80-MFN)97110
=040  \\$aABB060$bcze
=072  \7$a821.162.3.09$xČeská literatura (o ní)$2Konspekt$911
=080  \\$a(0:82-95)$2MRF
=100  1\$aSuchomel, Milan$d(1928- )$7jk01121717$4aut$1http://viaf.org/viaf/9979500
=245  10$aHofmanova povídka /$cMilan Suchomel.
=380  \\$iMajor genre$aSecondary literature$leng
=520  2\$aRecenze; přetištěno z: Host do domu 10, 1963, č. 3, s. 124.
=524  \\$aSUCHOMEL, Milan: Hofmanova povídka. In: Suchomel, Milan: Co zbylo z recenzenta. Brno : Vetus Via, 1995, s. 55-56.
=600  17$aHofman, Ota$d(1928-1989)$7jk01041559$2czenas$1http://viaf.org/viaf/116155073
=648  \7$a1961-1970$7ch460584$2czenas
=650  07$adětská literatura$7ph572587$2czenas
=650  \7$aChildren's literature$2ELB-g
=655  \7$arecenze$7fd133231$2czenas
=773  0\$aSuchomel, Milan$tCo zbylo z recenzenta$dBrno : Vetus Via, 1995$z80-902024-2-X$gS. 55-56$91995
=787  08$iRecenze na:$aHofman, Ota$tKrálíci ve vysoké trávě$b1. vydání$dPraha : Československý spisovatel, 1962$k(Život kolem nás ; sv. 28)$h93 s., [8] s. obr. příl.$4próza
=910  \\$aABB060
=964  \\$a03.12.07
=964  \\$a05
=964  \\$aB80
=995  \\$aČeská Literární Bibliografie
=FMT  AN
=OWN  \\$aUCLA
=SIF  \\$ass
=ZAR  \\$hpovídka
=ZAZ  \\$d1995$s1995$l55

