=LDR  01530naa a22003974a 4500
=001  001561110
=003  CZ\PrUCL
=005  20200531170948.0
=008  170104s1995\\\\xr\\\\\\\\\\\\|||\||cze\d
=035  \\$a(ISIS-B80-ID)B9048826
=035  \\$a(ISIS-B80-MFN)97111
=040  \\$aABB060$bcze
=072  \7$a821.162.3.09$xČeská literatura (o ní)$2Konspekt$911
=080  \\$a(0:82-95)$2MRF
=100  1\$aSuchomel, Milan$d(1928- )$7jk01121717$4aut$1http://viaf.org/viaf/9979500
=245  10$aHovor jako program /$cMilan Suchomel.
=380  \\$iMajor genre$aSecondary literature$leng
=520  2\$aRecenze; přetištěno z: Host do domu 10, 1963, č. 4, s. 171-172.
=524  \\$aSUCHOMEL, Milan: Hovor jako program. In: Suchomel, Milan: Co zbylo z recenzenta. Brno : Vetus Via, 1995, s. 56-58.
=600  17$aHrabal, Bohumil$d(1914-1997)$7jk01042564$2czenas$1http://viaf.org/viaf/34458072
=648  \7$a1961-1970$7ch460584$2czenas
=650  07$ačeská próza$7ph116861$2czenas
=650  \7$aCzech literature$2ELB-n
=655  \7$arecenze$7fd133231$2czenas
=773  0\$aSuchomel, Milan$tCo zbylo z recenzenta$dBrno : Vetus Via, 1995$z80-902024-2-X$gS. 56-58$91995
=787  08$iRecenze na:$aHrabal, Bohumil$tPerlička na dně$b1. vydání$dPraha : Československý spisovatel, 1963$h159 s.$4próza
=910  \\$aABB060
=964  \\$a03.12.02
=964  \\$a05
=964  \\$aB80
=995  \\$aČeská Literární Bibliografie
=FMT  AN
=OWN  \\$aUCLA
=SIF  \\$ass
=ZAR  \\$hpróza
=ZAZ  \\$d1995$s1995$l56

