=LDR  01565naa a22003974a 4500
=001  001561111
=003  CZ\PrUCL
=005  20200531171155.0
=008  170104s1995\\\\xr\\\\\\\\\\\\|||\||cze\d
=035  \\$a(ISIS-B80-ID)B9048827
=035  \\$a(ISIS-B80-MFN)97112
=040  \\$aABB060$bcze
=072  \7$a821.162.3.09$xČeská literatura (o ní)$2Konspekt$911
=080  \\$a(0:82-95)$2MRF
=100  1\$aSuchomel, Milan$d(1928- )$7jk01121717$4aut$1http://viaf.org/viaf/9979500
=245  10$aPedagogikou proti kultu /$cMilan Suchomel.
=380  \\$iMajor genre$aSecondary literature$leng
=520  2\$aRecenze; přetištěno z: Host do domu 10, 1963, č. 5, s. 213.
=524  \\$aSUCHOMEL, Milan: Pedagogikou proti kultu. In: Suchomel, Milan: Co zbylo z recenzenta. Brno : Vetus Via, 1995, s. 58-59.
=600  17$aVaculík, Ludvík$d(1926-2015)$7jk01141068$2czenas$1http://viaf.org/viaf/71404246
=648  \7$a1961-1970$7ch460584$2czenas
=650  07$ačeská próza$7ph116861$2czenas
=650  \7$aCzech literature$2ELB-n
=655  \7$arecenze$7fd133231$2czenas
=773  0\$aSuchomel, Milan$tCo zbylo z recenzenta$dBrno : Vetus Via, 1995$z80-902024-2-X$gS. 58-59$91995
=787  08$iRecenze na:$aVaculík, Ludvík$tRušný dům$b1. vydání$dPraha : Československý spisovatel, 1963$k(Život kolem nás ; sv. 31)$h303 s.$4próza
=910  \\$aABB060
=964  \\$a03.12.02
=964  \\$a05
=964  \\$aB80
=995  \\$aČeská Literární Bibliografie
=FMT  AN
=OWN  \\$aUCLA
=SIF  \\$ass
=ZAR  \\$hpróza
=ZAZ  \\$d1995$s1995$l58

