=LDR  01970naa a22004574a 4500
=001  001561112
=003  CZ\PrUCL
=005  20200531211639.0
=008  170104s1995\\\\xr\\\\\\\\\\\\|||\||cze\d
=035  \\$a(ISIS-B80-ID)B9048828
=035  \\$a(ISIS-B80-MFN)97113
=040  \\$aABB060$bcze
=072  \7$a821.162.3.09$xČeská literatura (o ní)$2Konspekt$911
=080  \\$a(0:82-95)$2MRF
=100  1\$aSuchomel, Milan$d(1928- )$7jk01121717$4aut$1http://viaf.org/viaf/9979500
=245  10$aSkutečnost zrozená z přeludů /$cMilan Suchomel.
=380  \\$iMajor genre$aSecondary literature$leng
=520  2\$aRecenze uvedených próz; přetištěno z: Host do domu 10, 1963, č. 7, s. 299-301.
=524  \\$aSUCHOMEL, Milan: Skutečnost zrozená z přeludů. In: Suchomel, Milan: Co zbylo z recenzenta. Brno : Vetus Via, 1995, s. 59-62.
=600  17$aFuks, Ladislav$d(1923-1994)$7jk01032159$2czenas$1http://viaf.org/viaf/22183852
=600  17$aLustig, Arnošt$d(1926-2011)$7jk01072683$2czenas$1http://viaf.org/viaf/109645153
=648  \7$a1961-1970$7ch460584$2czenas
=650  07$ačeská povídka$7ph128146$2czenas
=650  07$ačeská próza$7ph116861$2czenas
=650  07$ačeský román$7ph128149$2czenas
=650  \7$aCzech literature$2ELB-n
=650  \7$aShort story$2ELB-g
=655  \7$arecenze$7fd133231$2czenas
=773  0\$aSuchomel, Milan$tCo zbylo z recenzenta$dBrno : Vetus Via, 1995$z80-902024-2-X$gS. 59-62$91995
=787  08$aFuks, Ladislav$tPan Theodor Mundstock$b1. vydání$dPraha : Československý spisovatel, 1963$k(Žatva ; sv. 289)$h187 s.$4román
=787  08$iRecenze na:$aLustig, Arnošt$tNikoho neponížíš$b1. vydání$dPraha : NV, 1963$k(Za vlast! ; sv. 52)$h166 s.$4soubor povídek
=910  \\$aABB060
=964  \\$a03.12.02
=964  \\$a05
=964  \\$aB80
=995  \\$aČeská Literární Bibliografie
=FMT  AN
=OWN  \\$aUCLA
=SIF  \\$ass
=ZAR  \\$hsoubor povídek
=ZAZ  \\$d1995$s1995$l59
